<?xml version="1.0" encoding="UTF-8"?>
<!DOCTYPE html PUBLIC "-//W3C//DTD XHTML 1.0 Transitional//EN"
    "http://www.w3.org/TR/xhtml1/DTD/xhtml1-transitional.dtd">
<html xmlns="http://www.w3.org/1999/xhtml" xml:lang="en" lang="en">
 <head>
  <title>
</title>
<meta http-equiv="Content-Type" content="text/html;charset=utf-8" />
  <meta name='ocr-system' content='tesseract 3.04.00' />
  <meta name='ocr-capabilities' content='ocr_page ocr_carea ocr_par ocr_line ocrx_word'/>
</head>
<body>
  <div class='ocr_page' id='page_1' title='image "./samuelisstrykii08schogoog/samuelisstrykii08schogoog_0161.png"; bbox 0 0 4396 6286; ppageno 0'>
   <div class='ocr_carea' id='block_1_1' title="bbox 189 287 1773 368">
    <p class='ocr_par' dir='ltr' id='par_1_1' title="bbox 189 287 1773 368">
     <span class='ocr_line' id='line_1_1' title="bbox 189 287 1773 368; baseline 0.001 -20"><span class='ocrx_word' id='word_1_1' title='bbox 189 295 244 350; x_wconf 76' lang='lat' dir='ltr'>ses</span> <span class='ocrx_word' id='word_1_2' title='bbox 686 292 735 346; x_wconf 84' lang='lat' dir='ltr'>DE</span> <span class='ocrx_word' id='word_1_3' title='bbox 754 289 857 346; x_wconf 76' lang='lat' dir='ltr'><strong>MANU</strong></span> <span class='ocrx_word' id='word_1_4' title='bbox 878 287 1076 368; x_wconf 28' lang='lat' dir='ltr'>sstt’ttttlra</span> <span class='ocrx_word' id='word_1_5' title='bbox 1095 291 1133 345; x_wconf 84' lang='lat' dir='ltr'>tlt</span> <span class='ocrx_word' id='word_1_6' title='bbox 1153 293 1277 348; x_wconf 74' lang='lat' dir='ltr'>stacte</span> <span class='ocrx_word' id='word_1_7' title='bbox 1720 296 1773 362; x_wconf 69' lang='lat' dir='ltr'>del</span> 
     </span>
    </p>
   </div>
   <div class='ocr_carea' id='block_1_2' title="bbox 119 387 1897 3869">
    <p class='ocr_par' dir='ltr' id='par_1_2' title="bbox 119 387 1897 3869">
     <span class='ocr_line' id='line_1_2' title="bbox 134 387 1831 466; baseline 0.001 -20"><span class='ocrx_word' id='word_1_8' title='bbox 134 403 233 460; x_wconf 74' lang='lat' dir='ltr'>nuto,</span> <span class='ocrx_word' id='word_1_9' title='bbox 256 391 305 464; x_wconf 88' lang='lat' dir='ltr'>qui</span> <span class='ocrx_word' id='word_1_10' title='bbox 329 389 448 446; x_wconf 86' lang='lat' dir='ltr'>seribere</span> <span class='ocrx_word' id='word_1_11' title='bbox 466 391 572 462; x_wconf 92' lang='lat' dir='ltr'>possit,</span> <span class='ocrx_word' id='word_1_12' title='bbox 596 389 700 444; x_wconf 88' lang='lat' dir='ltr'>nullum</span> <span class='ocrx_word' id='word_1_13' title='bbox 718 389 809 444; x_wconf 84' lang='lat' dir='ltr'>subest</span> <span class='ocrx_word' id='word_1_14' title='bbox 824 387 957 454; x_wconf 85' lang='lat' dir='ltr'>dubium,</span> <span class='ocrx_word' id='word_1_15' title='bbox 1010 389 1063 452; x_wconf 88' lang='lat' dir='ltr'>rit;</span> <span class='ocrx_word' id='word_1_16' title='bbox 1081 391 1138 446; x_wconf 88' lang='lat' dir='ltr'>scil.</span> <span class='ocrx_word' id='word_1_17' title='bbox 1151 393 1275 462; x_wconf 71' lang='lat' dir='ltr'>,quinque</span> <span class='ocrx_word' id='word_1_18' title='bbox 1293 402 1374 449; x_wconf 88' lang='lat' dir='ltr'>testes</span> <span class='ocrx_word' id='word_1_19' title='bbox 1390 409 1444 450; x_wconf 87' lang='lat' dir='ltr'>uon</span> <span class='ocrx_word' id='word_1_20' title='bbox 1462 393 1655 450; x_wconf 71' lang='lat' dir='ltr'>interseruisse:</span> <span class='ocrx_word' id='word_1_21' title='bbox 1675 395 1831 466; x_wconf 87' lang='lat' dir='ltr'>quaeritur,</span> 
     </span>
     <span class='ocr_line' id='line_1_3' title="bbox 132 475 1834 550; baseline 0.002 -20"><span class='ocrx_word' id='word_1_22' title='bbox 132 479 200 548; x_wconf 86' lang='lat' dir='ltr'>quin</span> <span class='ocrx_word' id='word_1_23' title='bbox 219 477 424 532; x_wconf 66' lang='lat' dir='ltr'>matrimonium</span> <span class='ocrx_word' id='word_1_24' title='bbox 450 475 608 532; x_wconf 74' lang='lat' dir='ltr'><strong>contrahere</strong></span> <span class='ocrx_word' id='word_1_25' title='bbox 629 475 754 540; x_wconf 73' lang='lat' dir='ltr'>valeant,</span> <span class='ocrx_word' id='word_1_26' title='bbox 779 491 838 530; x_wconf 89' lang='lat' dir='ltr'>cum</span> <span class='ocrx_word' id='word_1_27' title='bbox 862 475 960 526; x_wconf 87' lang='lat' dir='ltr'>mediis</span> <span class='ocrx_word' id='word_1_28' title='bbox 1010 491 1043 526; x_wconf 91' lang='lat' dir='ltr'>an</span> <span class='ocrx_word' id='word_1_29' title='bbox 1061 475 1241 532; x_wconf 88' lang='lat' dir='ltr'>nihilominus</span> <span class='ocrx_word' id='word_1_30' title='bbox 1259 479 1359 533; x_wconf 82' lang='lat' dir='ltr'>solvere</span> <span class='ocrx_word' id='word_1_31' title='bbox 1375 479 1527 550; x_wconf 76' lang='lat' dir='ltr'>cogendus?</span> <span class='ocrx_word' id='word_1_32' title='bbox 1545 479 1580 532; x_wconf 87' lang='lat' dir='ltr'>Et</span> <span class='ocrx_word' id='word_1_33' title='bbox 1598 480 1714 536; x_wconf 80' lang='lat' dir='ltr'>maxime</span> <span class='ocrx_word' id='word_1_34' title='bbox 1735 479 1834 536; x_wconf 85' lang='lat' dir='ltr'>bocai-</span> 
     </span>
     <span class='ocr_line' id='line_1_4' title="bbox 134 555 1834 633; baseline 0.001 -17"><span class='ocrx_word' id='word_1_35' title='bbox 134 579 294 616; x_wconf 86' lang='lat' dir='ltr'>eonsensum</span> <span class='ocrx_word' id='word_1_36' title='bbox 312 560 727 633; x_wconf 80' lang='lat' dir='ltr'>aeplicausliuondestituentur.</span> <span class='ocrx_word' id='word_1_37' title='bbox 745 560 799 616; x_wconf 79' lang='lat' dir='ltr'>snt</span> <span class='ocrx_word' id='word_1_38' title='bbox 817 561 840 612; x_wconf 91' lang='lat' dir='ltr'>si</span> <span class='ocrx_word' id='word_1_39' title='bbox 860 569 959 614; x_wconf 87' lang='lat' dir='ltr'>utrum·</span> <span class='ocrx_word' id='word_1_40' title='bbox 1011 555 1188 627; x_wconf 85' lang='lat' dir='ltr'>firmandum,</span> <span class='ocrx_word' id='word_1_41' title='bbox 1207 563 1230 616; x_wconf 88' lang='lat' dir='ltr'>si</span> <span class='ocrx_word' id='word_1_42' title='bbox 1249 565 1321 618; x_wconf 91' lang='lat' dir='ltr'>enim</span> <span class='ocrx_word' id='word_1_43' title='bbox 1340 563 1420 617; x_wconf 89' lang='lat' dir='ltr'>modo</span> <span class='ocrx_word' id='word_1_44' title='bbox 1438 565 1532 618; x_wconf 88' lang='lat' dir='ltr'>citatus</span> <span class='ocrx_word' id='word_1_45' title='bbox 1551 567 1573 632; x_wconf 83' lang='lat'>§.</span> <span class='ocrx_word' id='word_1_46' title='bbox 1591 566 1640 618; x_wconf 90' lang='lat' dir='ltr'>buc</span> <span class='ocrx_word' id='word_1_47' title='bbox 1666 563 1784 620; x_wconf 85' lang='lat' dir='ltr'>affirmat</span> <span class='ocrx_word' id='word_1_48' title='bbox 1801 565 1834 618; x_wconf 91' lang='lat' dir='ltr'>de</span> 
     </span>
     <span class='ocr_line' id='line_1_5' title="bbox 131 644 1833 716; baseline 0.003 -18"><span class='ocrx_word' id='word_1_49' title='bbox 131 663 183 716; x_wconf 89' lang='lat' dir='ltr'>que</span> <span class='ocrx_word' id='word_1_50' title='bbox 201 646 300 700; x_wconf 82' lang='lat' dir='ltr'>sitium</span> <span class='ocrx_word' id='word_1_51' title='bbox 318 648 505 714; x_wconf 79' lang='lat' dir='ltr'>conjunctum,</span> <span class='ocrx_word' id='word_1_52' title='bbox 524 647 607 714; x_wconf 86' lang='lat' dir='ltr'>major</span> <span class='ocrx_word' id='word_1_53' title='bbox 619 645 958 701; x_wconf 21' lang='lat' dir='ltr'>dubitatiosreonsentinnt</span> <span class='ocrx_word' id='word_1_54' title='bbox 1011 644 1076 709; x_wconf 92' lang='lat' dir='ltr'>illo,</span> <span class='ocrx_word' id='word_1_55' title='bbox 1095 649 1171 715; x_wconf 86' lang='lat' dir='ltr'>cujus</span> <span class='ocrx_word' id='word_1_56' title='bbox 1191 658 1296 702; x_wconf 90' lang='lat' dir='ltr'>tantum</span> <span class='ocrx_word' id='word_1_57' title='bbox 1314 645 1379 702; x_wconf 87' lang='lat' dir='ltr'>fidei</span> <span class='ocrx_word' id='word_1_58' title='bbox 1400 651 1598 714; x_wconf 87' lang='lat' dir='ltr'>commissum,</span> <span class='ocrx_word' id='word_1_59' title='bbox 1615 668 1648 704; x_wconf 81' lang='lat' dir='ltr'>an</span> <span class='ocrx_word' id='word_1_60' title='bbox 1668 650 1734 704; x_wconf 82' lang='lat' dir='ltr'>selis</span> <span class='ocrx_word' id='word_1_61' title='bbox 1753 652 1833 704; x_wconf 85' lang='lat' dir='ltr'>resti·</span> 
     </span>
     <span class='ocr_line' id='line_1_6' title="bbox 132 730 1834 804; baseline 0.001 -20"><span class='ocrx_word' id='word_1_62' title='bbox 132 741 223 784; x_wconf 84' lang='lat' dir='ltr'>tamen</span> <span class='ocrx_word' id='word_1_63' title='bbox 241 730 363 800; x_wconf 78' lang='lat' dir='ltr'>plerique</span> <span class='ocrx_word' id='word_1_64' title='bbox 379 731 460 783; x_wconf 87' lang='lat' dir='ltr'>etiam</span> <span class='ocrx_word' id='word_1_65' title='bbox 480 731 523 782; x_wconf 89' lang='lat' dir='ltr'>hia</span> <span class='ocrx_word' id='word_1_66' title='bbox 541 731 741 786; x_wconf 73' lang='lat' dir='ltr'>matrimonium</span> <span class='ocrx_word' id='word_1_67' title='bbox 759 731 916 784; x_wconf 71' lang='lat' dir='ltr'>contrahere</span> <span class='ocrx_word' id='word_1_68' title='bbox 929 731 958 784; x_wconf 93' lang='lat' dir='ltr'>li·</span> <span class='ocrx_word' id='word_1_69' title='bbox 1014 739 1104 795; x_wconf 87' lang='lat' dir='ltr'>tuere,</span> <span class='ocrx_word' id='word_1_70' title='bbox 1124 732 1230 786; x_wconf 89' lang='lat' dir='ltr'>etiarnsi</span> <span class='ocrx_word' id='word_1_71' title='bbox 1251 751 1304 786; x_wconf 89' lang='lat' dir='ltr'>nou</span> <span class='ocrx_word' id='word_1_72' title='bbox 1323 749 1449 804; x_wconf 76' lang='lat' dir='ltr'>expresse</span> <span class='ocrx_word' id='word_1_73' title='bbox 1466 733 1652 798; x_wconf 87' lang='lat' dir='ltr'>consenserit,</span> <span class='ocrx_word' id='word_1_74' title='bbox 1667 733 1720 800; x_wconf 83' lang='lat' dir='ltr'>aad</span> <span class='ocrx_word' id='word_1_75' title='bbox 1746 744 1834 788; x_wconf 86' lang='lat' dir='ltr'>tacue-</span> 
     </span>
     <span class='ocr_line' id='line_1_7' title="bbox 133 814 1834 888; baseline -0.001 -18"><span class='ocrx_word' id='word_1_76' title='bbox 133 831 211 882; x_wconf 86' lang='lat' dir='ltr'>eere,</span> <span class='ocrx_word' id='word_1_77' title='bbox 229 814 265 868; x_wconf 92' lang='lat' dir='ltr'>ob</span> <span class='ocrx_word' id='word_1_78' title='bbox 282 829 437 885; x_wconf 83' lang='lat' dir='ltr'>expressum</span> <span class='ocrx_word' id='word_1_79' title='bbox 450 824 548 869; x_wconf 79' lang='lat' dir='ltr'>testum</span> <span class='ocrx_word' id='word_1_80' title='bbox 562 814 592 866; x_wconf 89' lang='lat' dir='ltr'>in</span> <span class='ocrx_word' id='word_1_81' title='bbox 603 833 626 868; x_wconf 88' lang='lat' dir='ltr'>c.</span> <span class='ocrx_word' id='word_1_82' title='bbox 639 814 904 884; x_wconf 79' lang='lat' dir='ltr'>tuoesroeternitatr&#39;</span> <span class='ocrx_word' id='word_1_83' title='bbox 916 825 958 866; x_wconf 83' lang='lat' dir='ltr'>aa.</span> <span class='ocrx_word' id='word_1_84' title='bbox 1011 814 1062 870; x_wconf 86' lang='lat' dir='ltr'>rit:</span> <span class='ocrx_word' id='word_1_85' title='bbox 1079 818 1163 870; x_wconf 91' lang='lat' dir='ltr'>multo</span> <span class='ocrx_word' id='word_1_86' title='bbox 1180 821 1265 888; x_wconf 67' lang='lat' dir='ltr'>magis</span> <span class='ocrx_word' id='word_1_87' title='bbox 1283 819 1334 872; x_wconf 91' lang='lat' dir='ltr'>boc</span> <span class='ocrx_word' id='word_1_88' title='bbox 1354 815 1549 874; x_wconf 86' lang='lat' dir='ltr'>affirmandum</span> <span class='ocrx_word' id='word_1_89' title='bbox 1567 817 1601 872; x_wconf 92' lang='lat' dir='ltr'>de</span> <span class='ocrx_word' id='word_1_90' title='bbox 1626 818 1689 884; x_wconf 84' lang='lat' dir='ltr'>illo,</span> <span class='ocrx_word' id='word_1_91' title='bbox 1714 818 1761 888; x_wconf 91' lang='lat' dir='ltr'>qui</span> <span class='ocrx_word' id='word_1_92' title='bbox 1787 816 1834 870; x_wconf 90' lang='lat' dir='ltr'>sti·</span> 
     </span>
     <span class='ocr_line' id='line_1_8' title="bbox 131 896 1835 976; baseline 0.001 -24"><span class='ocrx_word' id='word_1_93' title='bbox 131 917 163 952; x_wconf 79' lang='lat' dir='ltr'>rc.</span> <span class='ocrx_word' id='word_1_94' title='bbox 176 898 211 952; x_wconf 88' lang='lat' dir='ltr'>de</span> <span class='ocrx_word' id='word_1_95' title='bbox 220 899 340 968; x_wconf 82' lang='lat' dir='ltr'>spornol.</span> <span class='ocrx_word' id='word_1_96' title='bbox 352 899 370 950; x_wconf 86' lang='lat' dir='ltr'>l.</span> <span class='ocrx_word' id='word_1_97' title='bbox 386 907 482 952; x_wconf 82' lang='lat' dir='ltr'>mutas.</span> <span class='ocrx_word' id='word_1_98' title='bbox 495 909 539 951; x_wconf 80' lang='lat' dir='ltr'>ts·</span> <span class='ocrx_word' id='word_1_99' title='bbox 549 896 591 965; x_wconf 80' lang='lat' dir='ltr'>ff.</span> <span class='ocrx_word' id='word_1_100' title='bbox 604 899 713 970; x_wconf 83' lang='lat' dir='ltr'>dejure</span> <span class='ocrx_word' id='word_1_101' title='bbox 731 897 794 970; x_wconf 70' lang='lat' dir='ltr'>[dot.</span> <span class='ocrx_word' id='word_1_102' title='bbox 805 900 895 968; x_wconf 78' lang='lat' dir='ltr'>Magn.</span> <span class='ocrx_word' id='word_1_103' title='bbox 912 899 958 952; x_wconf 90' lang='lat' dir='ltr'>du.</span> <span class='ocrx_word' id='word_1_104' title='bbox 1012 903 1100 971; x_wconf 86' lang='lat' dir='ltr'>pulate</span> <span class='ocrx_word' id='word_1_105' title='bbox 1119 921 1198 958; x_wconf 87' lang='lat' dir='ltr'>manu</span> <span class='ocrx_word' id='word_1_106' title='bbox 1217 906 1358 974; x_wconf 85' lang='lat' dir='ltr'>promisit,</span> <span class='ocrx_word' id='word_1_107' title='bbox 1377 915 1471 976; x_wconf 83' lang='lat' dir='ltr'>utpote</span> <span class='ocrx_word' id='word_1_108' title='bbox 1487 921 1554 974; x_wconf 90' lang='lat' dir='ltr'>quae</span> <span class='ocrx_word' id='word_1_109' title='bbox 1571 901 1760 974; x_wconf 76' lang='lat' dir='ltr'>perfectissimi</span> <span class='ocrx_word' id='word_1_110' title='bbox 1774 919 1835 956; x_wconf 88' lang='lat' dir='ltr'>con·</span> 
     </span>
     <span class='ocr_line' id='line_1_9' title="bbox 132 981 1833 1060; baseline 0.001 -24"><span class='ocrx_word' id='word_1_111' title='bbox 132 984 244 1038; x_wconf 84' lang='lat' dir='ltr'>Praeses</span> <span class='ocrx_word' id='word_1_112' title='bbox 256 984 285 1036; x_wconf 90' lang='lat' dir='ltr'>iu</span> <span class='ocrx_word' id='word_1_113' title='bbox 297 982 550 1054; x_wconf 70' lang='lat' dir='ltr'>superimottegero</span> <span class='ocrx_word' id='word_1_114' title='bbox 561 993 639 1036; x_wconf 82' lang='lat' dir='ltr'>treet.</span> <span class='ocrx_word' id='word_1_115' title='bbox 651 981 751 1054; x_wconf 82' lang='lat' dir='ltr'>dejure</span> <span class='ocrx_word' id='word_1_116' title='bbox 762 1001 886 1038; x_wconf 81' lang='lat' dir='ltr'>ramnum</span> <span class='ocrx_word' id='word_1_117' title='bbox 896 984 957 1038; x_wconf 85' lang='lat' dir='ltr'>dt&#39;ss·</span> <span class='ocrx_word' id='word_1_118' title='bbox 1012 988 1291 1044; x_wconf 82' lang='lat' dir='ltr'>sensataeatindicium</span> <span class='ocrx_word' id='word_1_119' title='bbox 1304 999 1331 1045; x_wconf 89' lang='lat' dir='ltr'>et</span> <span class='ocrx_word' id='word_1_120' title='bbox 1343 990 1501 1060; x_wconf 79' lang='lat' dir='ltr'>symbolum.</span> <span class='ocrx_word' id='word_1_121' title='bbox 1515 988 1588 1042; x_wconf 88' lang='lat' dir='ltr'>llioc</span> <span class='ocrx_word' id='word_1_122' title='bbox 1597 1001 1741 1060; x_wconf 81' lang='lat' dir='ltr'>qunquees</span> <span class='ocrx_word' id='word_1_123' title='bbox 1752 1002 1833 1056; x_wconf 89' lang='lat' dir='ltr'>prae·</span> 
     </span>
     <span class='ocr_line' id='line_1_10' title="bbox 135 1063 1831 1143; baseline 0.002 -23"><span class='ocrx_word' id='word_1_124' title='bbox 135 1075 162 1120; x_wconf 85' lang='lat' dir='ltr'>t.</span> <span class='ocrx_word' id='word_1_125' title='bbox 176 1083 200 1120; x_wconf 85' lang='lat' dir='ltr'>c·</span> <span class='ocrx_word' id='word_1_126' title='bbox 214 1077 277 1118; x_wconf 72' lang='grc' dir='ltr'>Μ.</span> <span class='ocrx_word' id='word_1_127' title='bbox 291 1078 317 1120; x_wconf 86' lang='lat' dir='ltr'>e·</span> <span class='ocrx_word' id='word_1_128' title='bbox 330 1076 357 1118; x_wconf 89' lang='lat' dir='ltr'>et</span> <span class='ocrx_word' id='word_1_129' title='bbox 367 1083 438 1135; x_wconf 79' lang='lat' dir='ltr'>seqq.</span> <span class='ocrx_word' id='word_1_130' title='bbox 461 1065 605 1120; x_wconf 72' lang='lat' dir='ltr'>Rationem</span> <span class='ocrx_word' id='word_1_131' title='bbox 624 1066 734 1134; x_wconf 85' lang='lat' dir='ltr'>subjicit</span> <span class='ocrx_word' id='word_1_132' title='bbox 752 1063 880 1118; x_wconf 80' lang='lat' dir='ltr'>Pontifex</span> <span class='ocrx_word' id='word_1_133' title='bbox 897 1067 960 1119; x_wconf 84' lang='lat' dir='ltr'>inc.</span> <span class='ocrx_word' id='word_1_134' title='bbox 1010 1070 1121 1126; x_wconf 84' lang='lat' dir='ltr'>cedente</span> <span class='ocrx_word' id='word_1_135' title='bbox 1137 1088 1199 1126; x_wconf 86' lang='lat' dir='ltr'>casu</span> <span class='ocrx_word' id='word_1_136' title='bbox 1216 1085 1340 1143; x_wconf 88' lang='lat' dir='ltr'>apparet,</span> <span class='ocrx_word' id='word_1_137' title='bbox 1358 1075 1443 1142; x_wconf 71' lang='lat' dir='ltr'>megia</span> <span class='ocrx_word' id='word_1_138' title='bbox 1462 1075 1597 1142; x_wconf 76' lang='lat' dir='ltr'>stringere</span> <span class='ocrx_word' id='word_1_139' title='bbox 1608 1114 1612 1126; x_wconf 88' lang='lat'><em>.</em></span> <span class='ocrx_word' id='word_1_140' title='bbox 1623 1071 1831 1143; x_wconf 76' lang='lat' dir='ltr'>promissorem,</span> 
     </span>
     <span class='ocr_line' id='line_1_11' title="bbox 132 1149 1832 1227; baseline 0.002 -21"><span class='ocrx_word' id='word_1_141' title='bbox 132 1150 394 1224; x_wconf 71' lang='lat' dir='ltr'>cuurpudsedam.</span> <span class='ocrx_word' id='word_1_142' title='bbox 409 1162 451 1204; x_wconf 84' lang='lat' dir='ltr'>ss.</span> <span class='ocrx_word' id='word_1_143' title='bbox 462 1151 500 1204; x_wconf 85' lang='grc' dir='ltr'>Χ.</span> <span class='ocrx_word' id='word_1_144' title='bbox 512 1151 545 1204; x_wconf 86' lang='lat' dir='ltr'>de</span> <span class='ocrx_word' id='word_1_145' title='bbox 556 1167 646 1222; x_wconf 76' lang='lat' dir='ltr'>sporn.</span> <span class='ocrx_word' id='word_1_146' title='bbox 661 1149 731 1218; x_wconf 83' lang='lat' dir='ltr'>Quia</span> <span class='ocrx_word' id='word_1_147' title='bbox 748 1161 836 1204; x_wconf 89' lang='lat' dir='ltr'>mutus</span> <span class='ocrx_word' id='word_1_148' title='bbox 854 1159 882 1204; x_wconf 89' lang='lat' dir='ltr'>ct</span> <span class='ocrx_word' id='word_1_149' title='bbox 899 1168 958 1204; x_wconf 88' lang='lat' dir='ltr'>sur·</span> <span class='ocrx_word' id='word_1_150' title='bbox 1010 1153 1035 1206; x_wconf 91' lang='lat' dir='ltr'>ai</span> <span class='ocrx_word' id='word_1_151' title='bbox 1054 1157 1180 1226; x_wconf 81' lang='lat' dir='ltr'>stipulata</span> <span class='ocrx_word' id='word_1_152' title='bbox 1198 1175 1278 1210; x_wconf 85' lang='lat' dir='ltr'>mann</span> <span class='ocrx_word' id='word_1_153' title='bbox 1296 1158 1361 1227; x_wconf 90' lang='lat' dir='ltr'>quid</span> <span class='ocrx_word' id='word_1_154' title='bbox 1379 1157 1633 1226; x_wconf 86' lang='lat' dir='ltr'>promiserit‚·quia</span> <span class='ocrx_word' id='word_1_155' title='bbox 1660 1157 1699 1208; x_wconf 88' lang='lat' dir='ltr'>sic</span> <span class='ocrx_word' id='word_1_156' title='bbox 1727 1157 1832 1210; x_wconf 75' lang='lat' dir='ltr'>absolu·</span> 
     </span>
     <span class='ocr_line' id='line_1_12' title="bbox 131 1235 1830 1311; baseline 0.003 -23"><span class='ocrx_word' id='word_1_157' title='bbox 131 1235 182 1288; x_wconf 89' lang='lat' dir='ltr'>dus</span> <span class='ocrx_word' id='word_1_158' title='bbox 199 1235 271 1306; x_wconf 89' lang='lat' dir='ltr'>quod</span> <span class='ocrx_word' id='word_1_159' title='bbox 284 1235 375 1292; x_wconf 79' lang='lat' dir='ltr'>serbis</span> <span class='ocrx_word' id='word_1_160' title='bbox 394 1253 448 1292; x_wconf 92' lang='lat' dir='ltr'>uon</span> <span class='ocrx_word' id='word_1_161' title='bbox 465 1246 570 1305; x_wconf 85' lang='lat' dir='ltr'>potest,</span> <span class='ocrx_word' id='word_1_162' title='bbox 590 1235 678 1304; x_wconf 82' lang='lat' dir='ltr'>siguis</span> <span class='ocrx_word' id='word_1_163' title='bbox 694 1235 765 1288; x_wconf 77' lang='lat' dir='ltr'>salet</span> <span class='ocrx_word' id='word_1_164' title='bbox 783 1235 921 1300; x_wconf 80' lang='lat' dir='ltr'>exhibere,</span> <span class='ocrx_word' id='word_1_165' title='bbox 934 1253 956 1288; x_wconf 90' lang='lat' dir='ltr'>e.</span> <span class='ocrx_word' id='word_1_166' title='bbox 1012 1237 1143 1294; x_wconf 84' lang='lat' dir='ltr'>tissimum</span> <span class='ocrx_word' id='word_1_167' title='bbox 1156 1241 1316 1295; x_wconf 81' lang='lat' dir='ltr'>voluntatem</span> <span class='ocrx_word' id='word_1_168' title='bbox 1329 1252 1357 1294; x_wconf 90' lang='lat' dir='ltr'>et</span> <span class='ocrx_word' id='word_1_169' title='bbox 1369 1258 1527 1306; x_wconf 82' lang='lat' dir='ltr'>consensum</span> <span class='ocrx_word' id='word_1_170' title='bbox 1541 1241 1770 1311; x_wconf 85' lang='lat' dir='ltr'>perfectissimum</span> <span class='ocrx_word' id='word_1_171' title='bbox 1784 1242 1830 1294; x_wconf 82' lang='lat' dir='ltr'>‹le-</span> 
     </span>
     <span class='ocr_line' id='line_1_13' title="bbox 130 1321 1831 1396; baseline 0.005 -24"><span class='ocrx_word' id='word_1_172' title='bbox 130 1338 156 1390; x_wconf 66' lang='grc' dir='ltr'>ς.</span> <span class='ocrx_word' id='word_1_173' title='bbox 174 1337 255 1376; x_wconf 89' lang='lat' dir='ltr'>mann</span> <span class='ocrx_word' id='word_1_174' title='bbox 272 1322 401 1392; x_wconf 85' lang='lat' dir='ltr'>stipulata</span> <span class='ocrx_word' id='word_1_175' title='bbox 420 1339 581 1376; x_wconf 86' lang='lat' dir='ltr'>eonsensum</span> <span class='ocrx_word' id='word_1_176' title='bbox 598 1339 676 1376; x_wconf 90' lang='lat' dir='ltr'>auum</span> <span class='ocrx_word' id='word_1_177' title='bbox 695 1321 828 1378; x_wconf 86' lang='lat' dir='ltr'>declarare</span> <span class='ocrx_word' id='word_1_178' title='bbox 847 1325 956 1396; x_wconf 84' lang='lat' dir='ltr'>poterit,</span> <span class='ocrx_word' id='word_1_179' title='bbox 1009 1325 1135 1390; x_wconf 79' lang='lat' dir='ltr'>claravit,</span> <span class='ocrx_word' id='word_1_180' title='bbox 1153 1325 1246 1396; x_wconf 86' lang='lat' dir='ltr'>sicque</span> <span class='ocrx_word' id='word_1_181' title='bbox 1265 1342 1313 1394; x_wconf 89' lang='lat' dir='ltr'>per</span> <span class='ocrx_word' id='word_1_182' title='bbox 1330 1326 1495 1395; x_wconf 64' lang='lat' dir='ltr'>junctionem</span> <span class='ocrx_word' id='word_1_183' title='bbox 1508 1343 1602 1380; x_wconf 88' lang='lat' dir='ltr'>manus</span> <span class='ocrx_word' id='word_1_184' title='bbox 1616 1325 1732 1380; x_wconf 82' lang='lat' dir='ltr'>masinae</span> <span class='ocrx_word' id='word_1_185' title='bbox 1744 1343 1771 1380; x_wconf 89' lang='lat' dir='ltr'>se</span> <span class='ocrx_word' id='word_1_186' title='bbox 1783 1327 1831 1380; x_wconf 94' lang='lat' dir='ltr'>ob·</span> 
     </span>
     <span class='ocr_line' id='line_1_14' title="bbox 131 1405 1415 1478; baseline 0.003 -18"><span class='ocrx_word' id='word_1_187' title='bbox 131 1419 156 1460; x_wconf 89' lang='lat' dir='ltr'>et</span> <span class='ocrx_word' id='word_1_188' title='bbox 172 1405 292 1478; x_wconf 89' lang='lat' dir='ltr'>reliqna,</span> <span class='ocrx_word' id='word_1_189' title='bbox 312 1425 380 1476; x_wconf 89' lang='lat' dir='ltr'>quae</span> <span class='ocrx_word' id='word_1_190' title='bbox 397 1407 450 1462; x_wconf 88' lang='lat' dir='ltr'>buc</span> <span class='ocrx_word' id='word_1_191' title='bbox 467 1417 601 1478; x_wconf 86' lang='lat' dir='ltr'>spectant,</span> <span class='ocrx_word' id='word_1_192' title='bbox 620 1406 683 1459; x_wconf 88' lang='lat' dir='ltr'>aliis</span> <span class='ocrx_word' id='word_1_193' title='bbox 700 1406 785 1476; x_wconf 80' lang='lat' dir='ltr'>signis</span> <span class='ocrx_word' id='word_1_194' title='bbox 812 1407 956 1478; x_wconf 87' lang='lat' dir='ltr'>patefacere</span> <span class='ocrx_word' id='word_1_195' title='bbox 1009 1408 1139 1476; x_wconf 74' lang='lat' dir='ltr'>stringere</span> <span class='ocrx_word' id='word_1_196' title='bbox 1156 1409 1246 1464; x_wconf 80' lang='lat' dir='ltr'>voluit</span> <span class='ocrx_word' id='word_1_197' title='bbox 1338 1461 1342 1472; x_wconf 90' lang='grc'><em>,</em></span> <span class='ocrx_word' id='word_1_198' title='bbox 1364 1453 1369 1474; x_wconf 81' lang='grc'>,</span> <span class='ocrx_word' id='word_1_199' title='bbox 1390 1447 1415 1474; x_wconf 24' lang='grc' dir='ltr'>,Α</span> 
     </span>
     <span class='ocr_line' id='line_1_15' title="bbox 129 1491 1897 1565; baseline 0.006 -21"><span class='ocrx_word' id='word_1_200' title='bbox 129 1491 239 1544; x_wconf 74' lang='lat' dir='ltr'>valebit.</span> <span class='ocrx_word' id='word_1_201' title='bbox 258 1492 333 1544; x_wconf 82' lang='lat' dir='ltr'>llinc</span> <span class='ocrx_word' id='word_1_202' title='bbox 351 1509 405 1544; x_wconf 87' lang='lat' dir='ltr'>non</span> <span class='ocrx_word' id='word_1_203' title='bbox 423 1504 477 1558; x_wconf 83' lang='lat' dir='ltr'>est,</span> <span class='ocrx_word' id='word_1_204' title='bbox 496 1493 567 1562; x_wconf 90' lang='lat' dir='ltr'>quod</span> <span class='ocrx_word' id='word_1_205' title='bbox 586 1493 654 1544; x_wconf 85' lang='lat' dir='ltr'>dieti</span> <span class='ocrx_word' id='word_1_206' title='bbox 673 1503 758 1546; x_wconf 81' lang='lat' dir='ltr'>textus</span> <span class='ocrx_word' id='word_1_207' title='bbox 776 1492 808 1546; x_wconf 76' lang='lat' dir='ltr'>nt</span> <span class='ocrx_word' id='word_1_208' title='bbox 828 1503 915 1548; x_wconf 88' lang='lat' dir='ltr'>mutos</span> <span class='ocrx_word' id='word_1_209' title='bbox 928 1505 957 1549; x_wconf 89' lang='lat' dir='ltr'>et</span> <span class='ocrx_word' id='word_1_210' title='bbox 1043 1493 1085 1543; x_wconf 86' lang='lat' dir='ltr'>De</span> <span class='ocrx_word' id='word_1_211' title='bbox 1101 1502 1207 1545; x_wconf 83' lang='lat' dir='ltr'>caetero</span> <span class='ocrx_word' id='word_1_212' title='bbox 1223 1509 1281 1544; x_wconf 87' lang='lat' dir='ltr'>cum</span> <span class='ocrx_word' id='word_1_213' title='bbox 1300 1493 1442 1563; x_wconf 77' lang='lat' dir='ltr'>stipuletur</span> <span class='ocrx_word' id='word_1_214' title='bbox 1460 1508 1555 1546; x_wconf 89' lang='lat' dir='ltr'>manns</span> <span class='ocrx_word' id='word_1_215' title='bbox 1571 1509 1634 1546; x_wconf 88' lang='lat' dir='ltr'>nsns</span> <span class='ocrx_word' id='word_1_216' title='bbox 1645 1491 1789 1565; x_wconf 85' lang='lat' dir='ltr'>preeeipue</span> <span class='ocrx_word' id='word_1_217' title='bbox 1801 1509 1830 1548; x_wconf 88' lang='lat' dir='ltr'>ae</span> <span class='ocrx_word' id='word_1_218' title='bbox 1867 1514 1897 1558; x_wconf 80' lang='lat' dir='ltr'>et</span> 
     </span>
     <span class='ocr_line' id='line_1_16' title="bbox 129 1574 1829 1647; baseline 0.002 -21"><span class='ocrx_word' id='word_1_219' title='bbox 129 1574 226 1630; x_wconf 87' lang='lat' dir='ltr'>surdos</span> <span class='ocrx_word' id='word_1_220' title='bbox 243 1593 278 1634; x_wconf 78' lang='lat' dir='ltr'>es</span> <span class='ocrx_word' id='word_1_221' title='bbox 294 1576 427 1630; x_wconf 88' lang='lat' dir='ltr'>accidenti</span> <span class='ocrx_word' id='word_1_222' title='bbox 447 1577 664 1646; x_wconf 74' lang='lat' dir='ltr'>restringantur,</span> <span class='ocrx_word' id='word_1_223' title='bbox 690 1578 762 1647; x_wconf 91' lang='lat' dir='ltr'>quod</span> <span class='ocrx_word' id='word_1_224' title='bbox 786 1577 895 1647; x_wconf 85' lang='lat' dir='ltr'>qnidam</span> <span class='ocrx_word' id='word_1_225' title='bbox 915 1578 955 1632; x_wconf 68' lang='lat' dir='ltr'>la.</span> <span class='ocrx_word' id='word_1_226' title='bbox 1008 1585 1113 1628; x_wconf 76' lang='lat' dir='ltr'>exserat</span> <span class='ocrx_word' id='word_1_227' title='bbox 1131 1575 1160 1627; x_wconf 93' lang='lat' dir='ltr'>in</span> <span class='ocrx_word' id='word_1_228' title='bbox 1180 1576 1388 1646; x_wconf 79' lang='lat' dir='ltr'>sponsionibus,</span> <span class='ocrx_word' id='word_1_229' title='bbox 1408 1578 1437 1628; x_wconf 90' lang='lat' dir='ltr'>in</span> <span class='ocrx_word' id='word_1_230' title='bbox 1456 1587 1622 1630; x_wconf 70' lang='lat' dir='ltr'>antecessum</span> <span class='ocrx_word' id='word_1_231' title='bbox 1640 1596 1674 1631; x_wconf 88' lang='lat' dir='ltr'>an</span> <span class='ocrx_word' id='word_1_232' title='bbox 1694 1579 1755 1632; x_wconf 86' lang='lat' dir='ltr'>illae</span> <span class='ocrx_word' id='word_1_233' title='bbox 1768 1579 1829 1631; x_wconf 90' lang='lat' dir='ltr'>lici·</span> 
     </span>
     <span class='ocr_line' id='line_1_17' title="bbox 129 1658 1897 1735; baseline 0.003 -25"><span class='ocrx_word' id='word_1_234' title='bbox 129 1658 206 1712; x_wconf 74' lang='lat' dir='ltr'>nunt</span> <span class='ocrx_word' id='word_1_235' title='bbox 223 1658 271 1712; x_wconf 87' lang='lat' dir='ltr'>dd.</span> <span class='ocrx_word' id='word_1_236' title='bbox 288 1659 368 1712; x_wconf 83' lang='lat' dir='ltr'>turdo</span> <span class='ocrx_word' id='word_1_237' title='bbox 392 1669 421 1712; x_wconf 89' lang='lat' dir='ltr'>et</span> <span class='ocrx_word' id='word_1_238' title='bbox 446 1669 521 1714; x_wconf 90' lang='lat' dir='ltr'>muto</span> <span class='ocrx_word' id='word_1_239' title='bbox 541 1672 632 1714; x_wconf 86' lang='lat' dir='ltr'>natura</span> <span class='ocrx_word' id='word_1_240' title='bbox 652 1661 698 1715; x_wconf 89' lang='lat' dir='ltr'>lali</span> <span class='ocrx_word' id='word_1_241' title='bbox 718 1661 795 1731; x_wconf 88' lang='lat' dir='ltr'>plane</span> <span class='ocrx_word' id='word_1_242' title='bbox 814 1663 955 1718; x_wconf 86' lang='lat' dir='ltr'>matrimo·</span> <span class='ocrx_word' id='word_1_243' title='bbox 1008 1671 1049 1714; x_wconf 91' lang='lat' dir='ltr'>tae</span> <span class='ocrx_word' id='word_1_244' title='bbox 1067 1660 1139 1726; x_wconf 90' lang='lat' dir='ltr'>sint,</span> <span class='ocrx_word' id='word_1_245' title='bbox 1164 1658 1435 1731; x_wconf 81' lang='lat' dir='ltr'>disquirendumet</span> <span class='ocrx_word' id='word_1_246' title='bbox 1447 1663 1567 1730; x_wconf 81' lang='lat' dir='ltr'>quemsis</span> <span class='ocrx_word' id='word_1_247' title='bbox 1579 1662 1698 1733; x_wconf 83' lang='lat' dir='ltr'>prolixae</span> <span class='ocrx_word' id='word_1_248' title='bbox 1709 1663 1829 1734; x_wconf 89' lang='lat' dir='ltr'>despon·</span> <span class='ocrx_word' id='word_1_249' title='bbox 1866 1690 1897 1735; x_wconf 59' lang='grc' dir='ltr'><em>Μ</em></span> 
     </span>
     <span class='ocr_line' id='line_1_18' title="bbox 128 1743 1830 1820; baseline 0.002 -24"><span class='ocrx_word' id='word_1_250' title='bbox 128 1744 206 1798; x_wconf 87' lang='lat' dir='ltr'>nium</span> <span class='ocrx_word' id='word_1_251' title='bbox 225 1743 405 1812; x_wconf 71' lang='lat' dir='ltr'>denegantes,</span> <span class='ocrx_word' id='word_1_252' title='bbox 418 1747 501 1800; x_wconf 82' lang='lat' dir='ltr'>iason</span> <span class='ocrx_word' id='word_1_253' title='bbox 520 1746 550 1800; x_wconf 87' lang='lat' dir='ltr'>in</span> <span class='ocrx_word' id='word_1_254' title='bbox 568 1747 729 1803; x_wconf 63' lang='lat' dir='ltr'>&amp;discretis</span> <span class='ocrx_word' id='word_1_255' title='bbox 742 1766 770 1800; x_wconf 87' lang='lat' dir='ltr'>n.</span> <span class='ocrx_word' id='word_1_256' title='bbox 784 1749 902 1820; x_wconf 79' lang='lat' dir='ltr'>t.o.pui</span> <span class='ocrx_word' id='word_1_257' title='bbox 911 1761 950 1802; x_wconf 88' lang='lat' dir='ltr'>te·</span> <span class='ocrx_word' id='word_1_258' title='bbox 1009 1746 1115 1798; x_wconf 89' lang='lat' dir='ltr'>aionum</span> <span class='ocrx_word' id='word_1_259' title='bbox 1133 1747 1241 1814; x_wconf 88' lang='lat' dir='ltr'>justitia</span> <span class='ocrx_word' id='word_1_260' title='bbox 1260 1747 1317 1799; x_wconf 84' lang='lat' dir='ltr'>tint</span> <span class='ocrx_word' id='word_1_261' title='bbox 1342 1745 1388 1799; x_wconf 90' lang='lat' dir='ltr'>dd.</span> <span class='ocrx_word' id='word_1_262' title='bbox 1407 1745 1620 1814; x_wconf 77' lang='lat' dir='ltr'>disputstiones3</span> <span class='ocrx_word' id='word_1_263' title='bbox 1647 1747 1716 1798; x_wconf 89' lang='lat' dir='ltr'>mihi</span> <span class='ocrx_word' id='word_1_264' title='bbox 1739 1755 1830 1801; x_wconf 91' lang='lat' dir='ltr'>tamen</span> 
     </span>
     <span class='ocr_line' id='line_1_19' title="bbox 128 1829 1827 1908; baseline 0.001 -26"><span class='ocrx_word' id='word_1_265' title='bbox 128 1829 375 1899; x_wconf 78' lang='lat' dir='ltr'>clementosneere</span> <span class='ocrx_word' id='word_1_266' title='bbox 383 1842 511 1900; x_wconf 81' lang='lat' dir='ltr'>possunt.</span> <span class='ocrx_word' id='word_1_267' title='bbox 528 1841 557 1886; x_wconf 89' lang='lat' dir='ltr'>et</span> <span class='ocrx_word' id='word_1_268' title='bbox 574 1831 650 1886; x_wconf 88' lang='lat' dir='ltr'>Bald.</span> <span class='ocrx_word' id='word_1_269' title='bbox 672 1834 710 1888; x_wconf 83' lang='lat' dir='ltr'>nd</span> <span class='ocrx_word' id='word_1_270' title='bbox 726 1836 850 1888; x_wconf 83' lang='lat' dir='ltr'>eamdent</span> <span class='ocrx_word' id='word_1_271' title='bbox 868 1835 954 1908; x_wconf 78' lang='lat' dir='ltr'>legem</span> <span class='ocrx_word' id='word_1_272' title='bbox 1008 1831 1098 1902; x_wconf 85' lang='lat' dir='ltr'>paucis</span> <span class='ocrx_word' id='word_1_273' title='bbox 1116 1833 1199 1886; x_wconf 90' lang='lat' dir='ltr'>multe</span> <span class='ocrx_word' id='word_1_274' title='bbox 1218 1831 1445 1902; x_wconf 79' lang='lat' dir='ltr'>comprehendere</span> <span class='ocrx_word' id='word_1_275' title='bbox 1462 1830 1549 1895; x_wconf 89' lang='lat' dir='ltr'>lubet,</span> <span class='ocrx_word' id='word_1_276' title='bbox 1569 1829 1702 1884; x_wconf 87' lang='lat' dir='ltr'>dicendo:</span> <span class='ocrx_word' id='word_1_277' title='bbox 1720 1830 1745 1882; x_wconf 92' lang='lat' dir='ltr'>si</span> <span class='ocrx_word' id='word_1_278' title='bbox 1763 1848 1827 1902; x_wconf 90' lang='lat' dir='ltr'>per·</span> 
     </span>
     <span class='ocr_line' id='line_1_20' title="bbox 129 1915 1827 1990; baseline -0.004 -16"><span class='ocrx_word' id='word_1_279' title='bbox 129 1932 158 1966; x_wconf 87' lang='lat' dir='ltr'>n.</span> <span class='ocrx_word' id='word_1_280' title='bbox 174 1927 197 1964; x_wconf 80' lang='lat'>¹·</span> <span class='ocrx_word' id='word_1_281' title='bbox 1008 1919 1082 1972; x_wconf 90' lang='lat' dir='ltr'>sonis</span> <span class='ocrx_word' id='word_1_282' title='bbox 1100 1917 1294 1990; x_wconf 85' lang='lat' dir='ltr'>spondentibus</span> <span class='ocrx_word' id='word_1_283' title='bbox 1313 1918 1428 1972; x_wconf 89' lang='lat' dir='ltr'>liberum</span> <span class='ocrx_word' id='word_1_284' title='bbox 1447 1935 1538 1970; x_wconf 88' lang='lat' dir='ltr'>rerum</span> <span class='ocrx_word' id='word_1_285' title='bbox 1557 1932 1663 1970; x_wconf 85' lang='lat' dir='ltr'>auarum</span> <span class='ocrx_word' id='word_1_286' title='bbox 1690 1915 1728 1970; x_wconf 91' lang='lat' dir='ltr'>sit</span> <span class='ocrx_word' id='word_1_287' title='bbox 1752 1915 1827 1970; x_wconf 89' lang='lat' dir='ltr'>arhi-</span> 
     </span>
     <span class='ocr_line' id='line_1_21' title="bbox 164 1994 1826 2076; baseline 0 -24"><span class='ocrx_word' id='word_1_288' title='bbox 164 1994 207 2049; x_wconf 76' lang='lat' dir='ltr'>Ds</span> <span class='ocrx_word' id='word_1_289' title='bbox 225 2012 258 2050; x_wconf 87' lang='lat' dir='ltr'>eu</span> <span class='ocrx_word' id='word_1_290' title='bbox 274 1999 358 2066; x_wconf 85' lang='lat' dir='ltr'>major</span> <span class='ocrx_word' id='word_1_291' title='bbox 376 1999 523 2056; x_wconf 72' lang='lat' dir='ltr'>exardescit</span> <span class='ocrx_word' id='word_1_292' title='bbox 539 2001 699 2074; x_wconf 84' lang='lat' dir='ltr'>disputatio,</span> <span class='ocrx_word' id='word_1_293' title='bbox 717 2021 751 2057; x_wconf 88' lang='lat' dir='ltr'>en</span> <span class='ocrx_word' id='word_1_294' title='bbox 770 2005 794 2058; x_wconf 90' lang='lat' dir='ltr'>si</span> <span class='ocrx_word' id='word_1_295' title='bbox 811 2005 872 2076; x_wconf 89' lang='lat' dir='ltr'>qnia</span> <span class='ocrx_word' id='word_1_296' title='bbox 894 2021 954 2058; x_wconf 89' lang='lat' dir='ltr'>sur·</span> <span class='ocrx_word' id='word_1_297' title='bbox 1009 2005 1106 2070; x_wconf 90' lang='lat' dir='ltr'>trium,</span> <span class='ocrx_word' id='word_1_298' title='bbox 1125 2015 1154 2058; x_wconf 92' lang='lat' dir='ltr'>et</span> <span class='ocrx_word' id='word_1_299' title='bbox 1171 2005 1282 2056; x_wconf 87' lang='lat' dir='ltr'>materia</span> <span class='ocrx_word' id='word_1_300' title='bbox 1302 2004 1360 2072; x_wconf 89' lang='lat' dir='ltr'>ipsa</span> <span class='ocrx_word' id='word_1_301' title='bbox 1377 2001 1530 2073; x_wconf 85' lang='lat' dir='ltr'>sponsionis</span> <span class='ocrx_word' id='word_1_302' title='bbox 1548 2000 1583 2054; x_wconf 90' lang='lat' dir='ltr'>sit</span> <span class='ocrx_word' id='word_1_303' title='bbox 1602 2003 1728 2066; x_wconf 85' lang='lat' dir='ltr'>honeste,</span> <span class='ocrx_word' id='word_1_304' title='bbox 1755 2001 1826 2072; x_wconf 89' lang='lat' dir='ltr'>peri·</span> 
     </span>
     <span class='ocr_line' id='line_1_22' title="bbox 127 2079 1827 2158; baseline 0.005 -26"><span class='ocrx_word' id='word_1_305' title='bbox 127 2079 176 2134; x_wconf 88' lang='lat' dir='ltr'>dns</span> <span class='ocrx_word' id='word_1_306' title='bbox 193 2089 225 2134; x_wconf 91' lang='lat' dir='ltr'>et</span> <span class='ocrx_word' id='word_1_307' title='bbox 241 2092 332 2137; x_wconf 86' lang='lat' dir='ltr'>mutus</span> <span class='ocrx_word' id='word_1_308' title='bbox 348 2093 376 2137; x_wconf 89' lang='lat' dir='ltr'>et</span> <span class='ocrx_word' id='word_1_309' title='bbox 392 2103 483 2139; x_wconf 88' lang='lat' dir='ltr'>coecus</span> <span class='ocrx_word' id='word_1_310' title='bbox 500 2087 582 2141; x_wconf 87' lang='lat' dir='ltr'>simul</span> <span class='ocrx_word' id='word_1_311' title='bbox 607 2090 666 2154; x_wconf 92' lang='lat' dir='ltr'>sit,</span> <span class='ocrx_word' id='word_1_312' title='bbox 689 2089 724 2141; x_wconf 90' lang='lat' dir='ltr'>ed</span> <span class='ocrx_word' id='word_1_313' title='bbox 750 2091 952 2144; x_wconf 82' lang='lat' dir='ltr'>matrimonium</span> <span class='ocrx_word' id='word_1_314' title='bbox 1009 2098 1100 2158; x_wconf 87' lang='lat' dir='ltr'>terque</span> <span class='ocrx_word' id='word_1_315' title='bbox 1125 2089 1242 2158; x_wconf 88' lang='lat' dir='ltr'>aequalis</span> <span class='ocrx_word' id='word_1_316' title='bbox 1265 2088 1390 2158; x_wconf 88' lang='lat' dir='ltr'>utrinque</span> <span class='ocrx_word' id='word_1_317' title='bbox 1411 2087 1512 2156; x_wconf 78' lang='lat' dir='ltr'>negotii</span> <span class='ocrx_word' id='word_1_318' title='bbox 1537 2085 1719 2154; x_wconf 84' lang='lat' dir='ltr'>incertitudo,</span> <span class='ocrx_word' id='word_1_319' title='bbox 1745 2103 1827 2156; x_wconf 89' lang='lat' dir='ltr'>super</span> 
     </span>
     <span class='ocr_line' id='line_1_23' title="bbox 125 2165 1827 2246; baseline 0.004 -28"><span class='ocrx_word' id='word_1_320' title='bbox 125 2165 339 2222; x_wconf 81' lang='lat' dir='ltr'>contrabendum</span> <span class='ocrx_word' id='word_1_321' title='bbox 358 2169 458 2222; x_wconf 89' lang='lat' dir='ltr'>habilis</span> <span class='ocrx_word' id='word_1_322' title='bbox 476 2170 593 2224; x_wconf 76' lang='lat' dir='ltr'>existat?</span> <span class='ocrx_word' id='word_1_323' title='bbox 614 2175 711 2246; x_wconf 84' lang='lat' dir='ltr'>Papam</span> <span class='ocrx_word' id='word_1_324' title='bbox 724 2175 769 2228; x_wconf 90' lang='lat' dir='ltr'>hic</span> <span class='ocrx_word' id='word_1_325' title='bbox 781 2193 840 2228; x_wconf 90' lang='lat' dir='ltr'>esee</span> <span class='ocrx_word' id='word_1_326' title='bbox 857 2191 952 2229; x_wconf 87' lang='lat' dir='ltr'>eonsu-</span> <span class='ocrx_word' id='word_1_327' title='bbox 1006 2191 1066 2242; x_wconf 78' lang='lat' dir='ltr'>que.</span> <span class='ocrx_word' id='word_1_328' title='bbox 1074 2172 1183 2242; x_wconf 90' lang='lat' dir='ltr'>sponsio</span> <span class='ocrx_word' id='word_1_329' title='bbox 1201 2173 1401 2243; x_wconf 87' lang='lat' dir='ltr'>interponitor,</span> <span class='ocrx_word' id='word_1_330' title='bbox 1420 2173 1491 2225; x_wconf 85' lang='lat' dir='ltr'>nihil</span> <span class='ocrx_word' id='word_1_331' title='bbox 1510 2172 1607 2239; x_wconf 89' lang='lat' dir='ltr'>injusti</span> <span class='ocrx_word' id='word_1_332' title='bbox 1632 2173 1754 2226; x_wconf 83' lang='lat' dir='ltr'>subesse:</span> <span class='ocrx_word' id='word_1_333' title='bbox 1779 2171 1827 2226; x_wconf 88' lang='lat' dir='ltr'>sed</span> 
     </span>
     <span class='ocr_line' id='line_1_24' title="bbox 125 2251 1826 2328; baseline 0.004 -25"><span class='ocrx_word' id='word_1_334' title='bbox 125 2251 254 2322; x_wconf 86' lang='lat' dir='ltr'>lendum,</span> <span class='ocrx_word' id='word_1_335' title='bbox 272 2267 365 2311; x_wconf 81' lang='lat' dir='ltr'>mouet</span> <span class='ocrx_word' id='word_1_336' title='bbox 384 2257 515 2311; x_wconf 75' lang='lat' dir='ltr'>Alexand.</span> <span class='ocrx_word' id='word_1_337' title='bbox 534 2259 567 2312; x_wconf 87' lang='lat' dir='ltr'>de</span> <span class='ocrx_word' id='word_1_338' title='bbox 584 2260 658 2314; x_wconf 82' lang='lat' dir='ltr'>Nero</span> <span class='ocrx_word' id='word_1_339' title='bbox 682 2263 712 2313; x_wconf 92' lang='lat' dir='ltr'>in</span> <span class='ocrx_word' id='word_1_340' title='bbox 737 2263 822 2316; x_wconf 79' lang='lat' dir='ltr'>addit.</span> <span class='ocrx_word' id='word_1_341' title='bbox 842 2265 881 2317; x_wconf 82' lang='lat' dir='ltr'>ed</span> <span class='ocrx_word' id='word_1_342' title='bbox 900 2267 955 2319; x_wconf 75' lang='lat' dir='ltr'>Pa·</span> <span class='ocrx_word' id='word_1_343' title='bbox 1007 2259 1111 2312; x_wconf 89' lang='lat' dir='ltr'>licitum</span> <span class='ocrx_word' id='word_1_344' title='bbox 1129 2274 1185 2310; x_wconf 90' lang='lat' dir='ltr'>esse</span> <span class='ocrx_word' id='word_1_345' title='bbox 1204 2259 1316 2310; x_wconf 89' lang='lat' dir='ltr'>omnino</span> <span class='ocrx_word' id='word_1_346' title='bbox 1334 2257 1601 2310; x_wconf 76' lang='lat' dir='ltr'>hunccontractume</span> <span class='ocrx_word' id='word_1_347' title='bbox 1619 2256 1722 2328; x_wconf 89' lang='lat' dir='ltr'>dequo</span> <span class='ocrx_word' id='word_1_348' title='bbox 1740 2257 1826 2328; x_wconf 89' lang='lat' dir='ltr'>pluri·</span> 
     </span>
     <span class='ocr_line' id='line_1_25' title="bbox 126 2339 1825 2418; baseline -0.004 -18"><span class='ocrx_word' id='word_1_349' title='bbox 126 2341 279 2396; x_wconf 61' lang='lat' dir='ltr'>”mitam</span> <span class='ocrx_word' id='word_1_350' title='bbox 297 2360 320 2396; x_wconf 79' lang='lat' dir='ltr'>s·</span> <span class='ocrx_word' id='word_1_351' title='bbox 337 2359 398 2396; x_wconf 78' lang='lat' dir='ltr'>cum</span> <span class='ocrx_word' id='word_1_352' title='bbox 417 2345 500 2412; x_wconf 79' lang='lat' dir='ltr'>apud.</span> <span class='ocrx_word' id='word_1_353' title='bbox 518 2347 553 2398; x_wconf 78' lang='grc' dir='ltr'>Χ.</span> <span class='ocrx_word' id='word_1_354' title='bbox 572 2347 606 2400; x_wconf 85' lang='lat' dir='ltr'>de</span> <span class='ocrx_word' id='word_1_355' title='bbox 622 2349 745 2418; x_wconf 80' lang='lat' dir='ltr'>sponsal</span> <span class='ocrx_word' id='word_1_356' title='bbox 771 2351 826 2404; x_wconf 76' lang='lat' dir='ltr'>Alii</span> <span class='ocrx_word' id='word_1_357' title='bbox 851 2353 952 2406; x_wconf 90' lang='lat' dir='ltr'>nullum</span> <span class='ocrx_word' id='word_1_358' title='bbox 1008 2344 1070 2409; x_wconf 89' lang='lat' dir='ltr'>hus,</span> <span class='ocrx_word' id='word_1_359' title='bbox 1088 2342 1142 2398; x_wconf 84' lang='lat' dir='ltr'>uid.</span> <span class='ocrx_word' id='word_1_360' title='bbox 1160 2343 1259 2394; x_wconf 80' lang='lat' dir='ltr'>hlolin.</span> <span class='ocrx_word' id='word_1_361' title='bbox 1279 2339 1305 2394; x_wconf 89' lang='lat' dir='ltr'>d.</span> <span class='ocrx_word' id='word_1_362' title='bbox 1319 2341 1484 2411; x_wconf 71' lang='lat' dir='ltr'>juthetjur.</span> <span class='ocrx_word' id='word_1_363' title='bbox 1498 2351 1531 2394; x_wconf 87' lang='lat' dir='ltr'>tr.</span> <span class='ocrx_word' id='word_1_364' title='bbox 1548 2350 1572 2392; x_wconf 86' lang='lat' dir='ltr'>s.</span> <span class='ocrx_word' id='word_1_365' title='bbox 1586 2341 1665 2409; x_wconf 80' lang='lat' dir='ltr'>Dr&#39;sp·</span> <span class='ocrx_word' id='word_1_366' title='bbox 1680 2353 1742 2394; x_wconf 84' lang='lat' dir='ltr'>sne.</span> <span class='ocrx_word' id='word_1_367' title='bbox 1757 2341 1825 2394; x_wconf 82' lang='lat' dir='ltr'>San·</span> 
     </span>
     <span class='ocr_line' id='line_1_26' title="bbox 126 2423 1824 2506; baseline 0 -28"><span class='ocrx_word' id='word_1_368' title='bbox 126 2425 171 2478; x_wconf 91' lang='lat' dir='ltr'>bis</span> <span class='ocrx_word' id='word_1_369' title='bbox 189 2426 259 2498; x_wconf 84' lang='lat' dir='ltr'>ipsis</span> <span class='ocrx_word' id='word_1_370' title='bbox 270 2429 474 2484; x_wconf 87' lang='lat' dir='ltr'>matrimonium</span> <span class='ocrx_word' id='word_1_371' title='bbox 492 2432 690 2488; x_wconf 75' lang='lat' dir='ltr'>mentiendum</span> <span class='ocrx_word' id='word_1_372' title='bbox 709 2446 817 2506; x_wconf 87' lang='lat' dir='ltr'>putent,</span> <span class='ocrx_word' id='word_1_373' title='bbox 837 2437 860 2489; x_wconf 88' lang='lat' dir='ltr'>si</span> <span class='ocrx_word' id='word_1_374' title='bbox 881 2439 953 2490; x_wconf 70' lang='lat' dir='ltr'>nati.</span> <span class='ocrx_word' id='word_1_375' title='bbox 1005 2441 1078 2482; x_wconf 88' lang='lat' dir='ltr'>terna</span> <span class='ocrx_word' id='word_1_376' title='bbox 1099 2425 1134 2481; x_wconf 84' lang='lat' dir='ltr'>de</span> <span class='ocrx_word' id='word_1_377' title='bbox 1157 2427 1358 2496; x_wconf 79' lang='lat' dir='ltr'>sponsionibus.</span> <span class='ocrx_word' id='word_1_378' title='bbox 1373 2444 1400 2495; x_wconf 86' lang='lat' dir='ltr'>p·</span> <span class='ocrx_word' id='word_1_379' title='bbox 1421 2437 1445 2476; x_wconf 83' lang='lat'>2.</span> <span class='ocrx_word' id='word_1_380' title='bbox 1464 2423 1595 2494; x_wconf 60' lang='lat' dir='ltr'>carpam.</span> <span class='ocrx_word' id='word_1_381' title='bbox 1610 2433 1635 2476; x_wconf 82' lang='lat' dir='ltr'>s·</span> <span class='ocrx_word' id='word_1_382' title='bbox 1647 2440 1669 2476; x_wconf 87' lang='lat' dir='ltr'>c.</span> <span class='ocrx_word' id='word_1_383' title='bbox 1687 2425 1766 2478; x_wconf 84' lang='lat' dir='ltr'>ts·d.</span> <span class='ocrx_word' id='word_1_384' title='bbox 1783 2435 1824 2478; x_wconf 81' lang='lat' dir='ltr'>ts.</span> 
     </span>
     <span class='ocr_line' id='line_1_27' title="bbox 124 2505 1825 2592; baseline -0.003 -30"><span class='ocrx_word' id='word_1_385' title='bbox 124 2513 208 2565; x_wconf 80' lang='lat' dir='ltr'>ritate</span> <span class='ocrx_word' id='word_1_386' title='bbox 224 2514 294 2568; x_wconf 89' lang='lat' dir='ltr'>talea</span> <span class='ocrx_word' id='word_1_387' title='bbox 312 2516 377 2568; x_wconf 85' lang='lat' dir='ltr'>sint.</span> <span class='ocrx_word' id='word_1_388' title='bbox 397 2515 430 2571; x_wconf 83' lang='lat' dir='ltr'>tn</span> <span class='ocrx_word' id='word_1_389' title='bbox 448 2535 511 2572; x_wconf 88' lang='lat' dir='ltr'>sana</span> <span class='ocrx_word' id='word_1_390' title='bbox 529 2519 726 2590; x_wconf 82' lang='lat' dir='ltr'>periculosum,</span> <span class='ocrx_word' id='word_1_391' title='bbox 745 2523 809 2578; x_wconf 88' lang='lat' dir='ltr'>certi</span> <span class='ocrx_word' id='word_1_392' title='bbox 829 2521 894 2592; x_wconf 84' lang='lat' dir='ltr'>qnid</span> <span class='ocrx_word' id='word_1_393' title='bbox 908 2524 952 2576; x_wconf 72' lang='lat' dir='ltr'>hle</span> <span class='ocrx_word' id='word_1_394' title='bbox 1004 2515 1065 2566; x_wconf 89' lang='lat' dir='ltr'>licet</span> <span class='ocrx_word' id='word_1_395' title='bbox 1081 2512 1116 2564; x_wconf 92' lang='lat' dir='ltr'>ob</span> <span class='ocrx_word' id='word_1_396' title='bbox 1133 2511 1244 2566; x_wconf 87' lang='lat' dir='ltr'>abusum</span> <span class='ocrx_word' id='word_1_397' title='bbox 1262 2508 1402 2582; x_wconf 87' lang='lat' dir='ltr'>aliquando</span> <span class='ocrx_word' id='word_1_398' title='bbox 1421 2507 1570 2578; x_wconf 87' lang='lat' dir='ltr'>spondendi</span> <span class='ocrx_word' id='word_1_399' title='bbox 1589 2505 1697 2560; x_wconf 88' lang='lat' dir='ltr'>licentia</span> <span class='ocrx_word' id='word_1_400' title='bbox 1709 2507 1825 2559; x_wconf 89' lang='lat' dir='ltr'>restrin-</span> 
     </span>
     <span class='ocr_line' id='line_1_28' title="bbox 125 2592 1828 2678; baseline -0.004 -28"><span class='ocrx_word' id='word_1_401' title='bbox 125 2605 245 2652; x_wconf 75' lang='lat' dir='ltr'>stateem.</span> <span class='ocrx_word' id='word_1_402' title='bbox 264 2599 407 2669; x_wconf 82' lang='lat' dir='ltr'>Quomodo</span> <span class='ocrx_word' id='word_1_403' title='bbox 425 2603 498 2656; x_wconf 89' lang='lat' dir='ltr'>enim</span> <span class='ocrx_word' id='word_1_404' title='bbox 517 2619 674 2659; x_wconf 85' lang='lat' dir='ltr'>consensum</span> <span class='ocrx_word' id='word_1_405' title='bbox 694 2607 858 2678; x_wconf 76' lang='lat' dir='ltr'>explicabit?</span> <span class='ocrx_word' id='word_1_406' title='bbox 875 2607 953 2662; x_wconf 88' lang='lat' dir='ltr'>Certe</span> <span class='ocrx_word' id='word_1_407' title='bbox 1003 2598 1088 2668; x_wconf 73' lang='lat' dir='ltr'>genia</span> <span class='ocrx_word' id='word_1_408' title='bbox 1105 2596 1189 2651; x_wconf 86' lang='lat' dir='ltr'>fuerit</span> <span class='ocrx_word' id='word_1_409' title='bbox 1208 2595 1370 2668; x_wconf 72' lang='lat' dir='ltr'>specialibus</span> <span class='ocrx_word' id='word_1_410' title='bbox 1388 2597 1505 2652; x_wconf 84' lang='lat' dir='ltr'>locorum</span> <span class='ocrx_word' id='word_1_411' title='bbox 1524 2593 1637 2646; x_wconf 87' lang='lat' dir='ltr'>statutis.</span> <span class='ocrx_word' id='word_1_412' title='bbox 1663 2592 1769 2646; x_wconf 75' lang='lat' dir='ltr'>Mevius</span> <span class='ocrx_word' id='word_1_413' title='bbox 1788 2593 1828 2646; x_wconf 84' lang='lat' dir='ltr'>nd</span> 
     </span>
     <span class='ocr_line' id='line_1_29' title="bbox 123 2678 1822 2763; baseline 0.001 -30"><span class='ocrx_word' id='word_1_414' title='bbox 123 2695 267 2750; x_wconf 83' lang='lat' dir='ltr'>personam</span> <span class='ocrx_word' id='word_1_415' title='bbox 285 2687 457 2742; x_wconf 87' lang='lat' dir='ltr'>matrimonio</span> <span class='ocrx_word' id='word_1_416' title='bbox 472 2688 631 2758; x_wconf 75' lang='lat' dir='ltr'>jungendam</span> <span class='ocrx_word' id='word_1_417' title='bbox 649 2693 741 2746; x_wconf 87' lang='lat' dir='ltr'>videre</span> <span class='ocrx_word' id='word_1_418' title='bbox 757 2694 866 2763; x_wconf 86' lang='lat' dir='ltr'>nequit;</span> <span class='ocrx_word' id='word_1_419' title='bbox 890 2711 949 2747; x_wconf 88' lang='lat' dir='ltr'>eum</span> <span class='ocrx_word' id='word_1_420' title='bbox 998 2685 1045 2756; x_wconf 76' lang='lat' dir='ltr'>jes</span> <span class='ocrx_word' id='word_1_421' title='bbox 1062 2685 1146 2744; x_wconf 83' lang='lat' dir='ltr'>Iubeo,</span> <span class='ocrx_word' id='word_1_422' title='bbox 1162 2703 1191 2756; x_wconf 81' lang='lat' dir='ltr'>p.</span> <span class='ocrx_word' id='word_1_423' title='bbox 1210 2697 1236 2738; x_wconf 83' lang='lat' dir='ltr'>s.</span> <span class='ocrx_word' id='word_1_424' title='bbox 1250 2684 1293 2736; x_wconf 88' lang='lat' dir='ltr'>sit.</span> <span class='ocrx_word' id='word_1_425' title='bbox 1313 2693 1339 2734; x_wconf 85' lang='lat' dir='ltr'>s·</span> <span class='ocrx_word' id='word_1_426' title='bbox 1357 2691 1413 2738; x_wconf 75' lang='lat' dir='ltr'>art-t.</span> <span class='ocrx_word' id='word_1_427' title='bbox 1428 2695 1452 2736; x_wconf 82' lang='lat' dir='ltr'>s·</span> <span class='ocrx_word' id='word_1_428' title='bbox 1465 2699 1494 2733; x_wconf 86' lang='lat' dir='ltr'>n.</span> <span class='ocrx_word' id='word_1_429' title='bbox 1509 2678 1753 2736; x_wconf 59' lang='lat' dir='ltr'>inmortalitate</span> <span class='ocrx_word' id='word_1_430' title='bbox 1766 2680 1822 2734; x_wconf 82' lang='lat' dir='ltr'>obs.</span> 
     </span>
     <span class='ocr_line' id='line_1_30' title="bbox 122 2769 1157 2848; baseline 0.012 -29"><span class='ocrx_word' id='word_1_431' title='bbox 122 2781 217 2820; x_wconf 83' lang='lat' dir='ltr'>coecus</span> <span class='ocrx_word' id='word_1_432' title='bbox 234 2769 287 2835; x_wconf 84' lang='lat' dir='ltr'>sit,</span> <span class='ocrx_word' id='word_1_433' title='bbox 307 2772 389 2826; x_wconf 90' lang='lat' dir='ltr'>multo</span> <span class='ocrx_word' id='word_1_434' title='bbox 409 2773 498 2825; x_wconf 87' lang='lat' dir='ltr'>minus</span> <span class='ocrx_word' id='word_1_435' title='bbox 517 2792 577 2828; x_wconf 89' lang='lat' dir='ltr'>eum</span> <span class='ocrx_word' id='word_1_436' title='bbox 592 2777 649 2846; x_wconf 89' lang='lat' dir='ltr'>ipsa</span> <span class='ocrx_word' id='word_1_437' title='bbox 662 2778 795 2848; x_wconf 86' lang='lat' dir='ltr'>colloqui,</span> <span class='ocrx_word' id='word_1_438' title='bbox 814 2779 877 2848; x_wconf 89' lang='lat' dir='ltr'>quia</span> <span class='ocrx_word' id='word_1_439' title='bbox 889 2795 948 2831; x_wconf 88' lang='lat' dir='ltr'>mu·</span> <span class='ocrx_word' id='word_1_440' title='bbox 1003 2779 1046 2824; x_wconf 79' lang='lat'>⁸²·</span> <span class='ocrx_word' id='word_1_441' title='bbox 1063 2787 1093 2821; x_wconf 90' lang='lat' dir='ltr'>n.</span> <span class='ocrx_word' id='word_1_442' title='bbox 1113 2781 1157 2822; x_wconf 78' lang='lat'>⁸⁸·</span> 
     </span>
     <span class='ocr_line' id='line_1_31' title="bbox 124 2851 1820 2930; baseline 0 -22"><span class='ocrx_word' id='word_1_443' title='bbox 124 2859 166 2903; x_wconf 76' lang='lat' dir='ltr'>tus</span> <span class='ocrx_word' id='word_1_444' title='bbox 184 2861 213 2905; x_wconf 82' lang='lat' dir='ltr'>et</span> <span class='ocrx_word' id='word_1_445' title='bbox 230 2853 329 2908; x_wconf 85' lang='lat' dir='ltr'>surdus</span> <span class='ocrx_word' id='word_1_446' title='bbox 349 2866 405 2909; x_wconf 90' lang='lat' dir='ltr'>ast.</span> <span class='ocrx_word' id='word_1_447' title='bbox 424 2857 494 2926; x_wconf 85' lang='lat' dir='ltr'>Quis</span> <span class='ocrx_word' id='word_1_448' title='bbox 513 2875 575 2927; x_wconf 80' lang='lat' dir='ltr'>ergo</span> <span class='ocrx_word' id='word_1_449' title='bbox 593 2859 685 2929; x_wconf 82' lang='lat' dir='ltr'>ipsum</span> <span class='ocrx_word' id='word_1_450' title='bbox 704 2861 900 2930; x_wconf 74' lang='lat' dir='ltr'>interrogabit,</span> <span class='ocrx_word' id='word_1_451' title='bbox 913 2879 947 2914; x_wconf 67' lang='lat' dir='ltr'>sn</span> <span class='ocrx_word' id='word_1_452' title='bbox 1036 2853 1078 2909; x_wconf 80' lang='lat' dir='ltr'>ln</span> <span class='ocrx_word' id='word_1_453' title='bbox 1097 2870 1159 2908; x_wconf 87' lang='lat' dir='ltr'>vero</span> <span class='ocrx_word' id='word_1_454' title='bbox 1177 2854 1300 2928; x_wconf 89' lang='lat' dir='ltr'>stipulata</span> <span class='ocrx_word' id='word_1_455' title='bbox 1313 2871 1393 2909; x_wconf 88' lang='lat' dir='ltr'>mann</span> <span class='ocrx_word' id='word_1_456' title='bbox 1404 2853 1437 2908; x_wconf 87' lang='lat' dir='ltr'>ed</span> <span class='ocrx_word' id='word_1_457' title='bbox 1451 2853 1606 2926; x_wconf 86' lang='lat' dir='ltr'>sponsionis</span> <span class='ocrx_word' id='word_1_458' title='bbox 1620 2851 1820 2910; x_wconf 88' lang='lat' dir='ltr'>subsistentiam</span> 
     </span>
     <span class='ocr_line' id='line_1_32' title="bbox 123 2935 1822 3016; baseline 0.002 -25"><span class='ocrx_word' id='word_1_459' title='bbox 123 2935 190 2991; x_wconf 85' lang='lat' dir='ltr'>baec</span> <span class='ocrx_word' id='word_1_460' title='bbox 208 2937 336 3010; x_wconf 83' lang='lat' dir='ltr'>placeat?</span> <span class='ocrx_word' id='word_1_461' title='bbox 355 2939 404 2993; x_wconf 89' lang='lat' dir='ltr'>Cui</span> <span class='ocrx_word' id='word_1_462' title='bbox 424 2945 482 3013; x_wconf 89' lang='lat' dir='ltr'>ipse</span> <span class='ocrx_word' id='word_1_463' title='bbox 501 2942 688 3012; x_wconf 80' lang='lat' dir='ltr'>significabit,</span> <span class='ocrx_word' id='word_1_464' title='bbox 712 2947 783 3016; x_wconf 88' lang='lat' dir='ltr'>quod</span> <span class='ocrx_word' id='word_1_465' title='bbox 801 2948 869 3000; x_wconf 84' lang='lat' dir='ltr'>hane</span> <span class='ocrx_word' id='word_1_466' title='bbox 887 2963 948 3001; x_wconf 79' lang='lat' dir='ltr'>uxo·</span> <span class='ocrx_word' id='word_1_467' title='bbox 998 2957 1065 3011; x_wconf 90' lang='lat' dir='ltr'>opus</span> <span class='ocrx_word' id='word_1_468' title='bbox 1076 2941 1129 3008; x_wconf 91' lang='lat' dir='ltr'>ait,</span> <span class='ocrx_word' id='word_1_469' title='bbox 1143 2939 1342 3011; x_wconf 71' lang='lat' dir='ltr'>indagandum?</span> <span class='ocrx_word' id='word_1_470' title='bbox 1355 2942 1387 2998; x_wconf 83' lang='lat' dir='ltr'>Et</span> <span class='ocrx_word' id='word_1_471' title='bbox 1398 2942 1509 2995; x_wconf 90' lang='lat' dir='ltr'>interest</span> <span class='ocrx_word' id='word_1_472' title='bbox 1520 2940 1632 2994; x_wconf 89' lang='lat' dir='ltr'>omnino</span> <span class='ocrx_word' id='word_1_473' title='bbox 1646 2956 1743 3003; x_wconf 90' lang='lat' dir='ltr'>nosse,</span> <span class='ocrx_word' id='word_1_474' title='bbox 1756 2940 1822 3009; x_wconf 89' lang='lat' dir='ltr'>qnid</span> 
     </span>
     <span class='ocr_line' id='line_1_33' title="bbox 123 3023 1822 3102; baseline 0.001 -28"><span class='ocrx_word' id='word_1_475' title='bbox 123 3037 184 3074; x_wconf 84' lang='lat' dir='ltr'>ram</span> <span class='ocrx_word' id='word_1_476' title='bbox 203 3023 364 3078; x_wconf 82' lang='lat' dir='ltr'>desideret?</span> <span class='ocrx_word' id='word_1_477' title='bbox 389 3027 518 3080; x_wconf 83' lang='lat' dir='ltr'>Possetne</span> <span class='ocrx_word' id='word_1_478' title='bbox 535 3047 584 3100; x_wconf 83' lang='lat' dir='ltr'>per</span> <span class='ocrx_word' id='word_1_479' title='bbox 602 3029 752 3102; x_wconf 84' lang='lat' dir='ltr'>stipulatum</span> <span class='ocrx_word' id='word_1_480' title='bbox 780 3049 889 3086; x_wconf 82' lang='lat' dir='ltr'>manum</span> <span class='ocrx_word' id='word_1_481' title='bbox 907 3035 948 3089; x_wconf 67' lang='lat' dir='ltr'>aas</span> <span class='ocrx_word' id='word_1_482' title='bbox 998 3025 1029 3080; x_wconf 92' lang='lat' dir='ltr'>ad</span> <span class='ocrx_word' id='word_1_483' title='bbox 1050 3025 1163 3079; x_wconf 86' lang='lat' dir='ltr'>formem</span> <span class='ocrx_word' id='word_1_484' title='bbox 1182 3029 1337 3097; x_wconf 86' lang='lat' dir='ltr'>sponsionis</span> <span class='ocrx_word' id='word_1_485' title='bbox 1355 3026 1505 3098; x_wconf 69' lang='lat' dir='ltr'>pertineeta</span> <span class='ocrx_word' id='word_1_486' title='bbox 1525 3026 1558 3078; x_wconf 91' lang='lat' dir='ltr'>de</span> <span class='ocrx_word' id='word_1_487' title='bbox 1575 3042 1629 3095; x_wconf 89' lang='lat' dir='ltr'>quo</span> <span class='ocrx_word' id='word_1_488' title='bbox 1647 3027 1671 3078; x_wconf 91' lang='lat' dir='ltr'>si</span> <span class='ocrx_word' id='word_1_489' title='bbox 1690 3028 1822 3080; x_wconf 82' lang='lat' dir='ltr'>constite-</span> 
     </span>
     <span class='ocr_line' id='line_1_34' title="bbox 122 3106 1822 3184; baseline 0.01 -25"><span class='ocrx_word' id='word_1_490' title='bbox 122 3106 325 3178; x_wconf 86' lang='lat' dir='ltr'>irnpositionem</span> <span class='ocrx_word' id='word_1_491' title='bbox 344 3113 437 3166; x_wconf 87' lang='lat' dir='ltr'>annuli</span> <span class='ocrx_word' id='word_1_492' title='bbox 455 3113 502 3166; x_wconf 87' lang='lat' dir='ltr'>hie</span> <span class='ocrx_word' id='word_1_493' title='bbox 519 3132 663 3170; x_wconf 85' lang='lat' dir='ltr'>consensus</span> <span class='ocrx_word' id='word_1_494' title='bbox 681 3117 832 3172; x_wconf 81' lang='lat' dir='ltr'>declarari?</span> <span class='ocrx_word' id='word_1_495' title='bbox 845 3121 945 3175; x_wconf 86' lang='lat' dir='ltr'>Statuit</span> <span class='ocrx_word' id='word_1_496' title='bbox 997 3111 1055 3176; x_wconf 71' lang='lat' dir='ltr'>riis</span> <span class='ocrx_word' id='word_1_497' title='bbox 1073 3113 1175 3182; x_wconf 79' lang='lat' dir='ltr'>reliqua</span> <span class='ocrx_word' id='word_1_498' title='bbox 1194 3112 1286 3166; x_wconf 65' lang='lat' dir='ltr'>siesse</span> <span class='ocrx_word' id='word_1_499' title='bbox 1298 3123 1425 3184; x_wconf 64' lang='lat' dir='ltr'>solemni</span> <span class='ocrx_word' id='word_1_500' title='bbox 1437 3123 1465 3166; x_wconf 65' lang='lat' dir='ltr'>‘i</span> <span class='ocrx_word' id='word_1_501' title='bbox 1477 3111 1586 3176; x_wconf 67' lang='lat' dir='ltr'>sbi-&#39;⁵⁸⁶2</span> <span class='ocrx_word' id='word_1_502' title='bbox 1599 3129 1659 3164; x_wconf 71' lang='lat'>⁰⁰⁰¹</span> <span class='ocrx_word' id='word_1_503' title='bbox 1676 3109 1762 3162; x_wconf 71' lang='lat' dir='ltr'>f⁰¹ss¹³</span> <span class='ocrx_word' id='word_1_504' title='bbox 1777 3110 1822 3164; x_wconf 59' lang='grc' dir='ltr'><strong><em>Μ</em></strong></span> 
     </span>
     <span class='ocr_line' id='line_1_35' title="bbox 122 3191 1824 3268; baseline -0.001 -22"><span class='ocrx_word' id='word_1_505' title='bbox 122 3191 173 3246; x_wconf 85' lang='lat' dir='ltr'>hoc</span> <span class='ocrx_word' id='word_1_506' title='bbox 185 3194 305 3248; x_wconf 80' lang='lat' dir='ltr'>Sanebee</span> <span class='ocrx_word' id='word_1_507' title='bbox 318 3207 343 3249; x_wconf 92' lang='lat' dir='ltr'>et</span> <span class='ocrx_word' id='word_1_508' title='bbox 355 3198 530 3254; x_wconf 82' lang='lat' dir='ltr'>Sanchaaium</span> <span class='ocrx_word' id='word_1_509' title='bbox 555 3214 657 3257; x_wconf 90' lang='lat' dir='ltr'>secutus</span> <span class='ocrx_word' id='word_1_510' title='bbox 674 3205 814 3260; x_wconf 83' lang='lat' dir='ltr'>Michelor.</span> <span class='ocrx_word' id='word_1_511' title='bbox 828 3207 862 3260; x_wconf 84' lang='lat' dir='ltr'>de</span> <span class='ocrx_word' id='word_1_512' title='bbox 876 3225 945 3262; x_wconf 80' lang='lat' dir='ltr'>cose.</span> <span class='ocrx_word' id='word_1_513' title='bbox 997 3214 1055 3251; x_wconf 88' lang='lat' dir='ltr'>esse</span> <span class='ocrx_word' id='word_1_514' title='bbox 1075 3198 1124 3250; x_wconf 88' lang='lat' dir='ltr'>rei.</span> <span class='ocrx_word' id='word_1_515' title='bbox 1143 3215 1204 3268; x_wconf 70' lang='lat' dir='ltr'>urg.</span> <span class='ocrx_word' id='word_1_516' title='bbox 1217 3199 1235 3249; x_wconf 87' lang='lat' dir='ltr'>l.</span> <span class='ocrx_word' id='word_1_517' title='bbox 1254 3197 1314 3252; x_wconf 77' lang='lat' dir='ltr'>dtis·</span> <span class='ocrx_word' id='word_1_518' title='bbox 1333 3209 1358 3250; x_wconf 89' lang='lat' dir='ltr'>t.</span> <span class='ocrx_word' id='word_1_519' title='bbox 1368 3195 1410 3266; x_wconf 83' lang='lat' dir='ltr'>ff.</span> <span class='ocrx_word' id='word_1_520' title='bbox 1428 3195 1455 3252; x_wconf 88' lang='lat' dir='ltr'>d.</span> <span class='ocrx_word' id='word_1_521' title='bbox 1473 3198 1572 3264; x_wconf 64' lang='lat' dir='ltr'>netega</span> <span class='ocrx_word' id='word_1_522' title='bbox 1590 3205 1656 3249; x_wconf 85' lang='lat' dir='ltr'>reat.</span> <span class='ocrx_word' id='word_1_523' title='bbox 1674 3195 1766 3263; x_wconf 85' lang='lat' dir='ltr'>Tiraq.</span> <span class='ocrx_word' id='word_1_524' title='bbox 1789 3191 1824 3246; x_wconf 88' lang='lat' dir='ltr'>de</span> 
     </span>
     <span class='ocr_line' id='line_1_36' title="bbox 119 3277 1821 3359; baseline 0.001 -30"><span class='ocrx_word' id='word_1_525' title='bbox 119 3277 195 3331; x_wconf 78' lang='lat' dir='ltr'>etard-</span> <span class='ocrx_word' id='word_1_526' title='bbox 208 3289 235 3331; x_wconf 84' lang='lat' dir='ltr'>et</span> <span class='ocrx_word' id='word_1_527' title='bbox 248 3291 313 3332; x_wconf 83' lang='lat' dir='ltr'>naut.</span> <span class='ocrx_word' id='word_1_528' title='bbox 327 3299 349 3334; x_wconf 85' lang='lat' dir='ltr'>e.</span> <span class='ocrx_word' id='word_1_529' title='bbox 365 3292 407 3336; x_wconf 82' lang='lat' dir='ltr'>ts.</span> <span class='ocrx_word' id='word_1_530' title='bbox 421 3303 449 3339; x_wconf 88' lang='lat' dir='ltr'>n.</span> <span class='ocrx_word' id='word_1_531' title='bbox 463 3287 612 3342; x_wconf 70' lang='lat' dir='ltr'>cattinas</span> <span class='ocrx_word' id='word_1_532' title='bbox 626 3299 714 3343; x_wconf 80' lang='lat' dir='ltr'>temen</span> <span class='ocrx_word' id='word_1_533' title='bbox 727 3301 812 3359; x_wconf 82' lang='lat' dir='ltr'>ceule,</span> <span class='ocrx_word' id='word_1_534' title='bbox 824 3292 878 3348; x_wconf 86' lang='lat' dir='ltr'>tid.</span> <span class='ocrx_word' id='word_1_535' title='bbox 888 3311 943 3346; x_wconf 88' lang='lat' dir='ltr'>ma·</span> <span class='ocrx_word' id='word_1_536' title='bbox 997 3292 1064 3334; x_wconf 68' lang='lat' dir='ltr'>rsit&#39;·</span> <span class='ocrx_word' id='word_1_537' title='bbox 1083 3280 1107 3354; x_wconf 63' lang='lat' dir='ltr'>§t</span> <span class='ocrx_word' id='word_1_538' title='bbox 1178 3285 1222 3337; x_wconf 75' lang='lat' dir='ltr'>Gi·</span> <span class='ocrx_word' id='word_1_539' title='bbox 1239 3294 1282 3337; x_wconf 80' lang='lat'>²¹.</span> <span class='ocrx_word' id='word_1_540' title='bbox 1295 3302 1323 3336; x_wconf 86' lang='lat' dir='ltr'>n.</span> <span class='ocrx_word' id='word_1_541' title='bbox 1338 3295 1461 3355; x_wconf 69' lang='lat' dir='ltr'>ttsseqq.</span> <span class='ocrx_word' id='word_1_542' title='bbox 1474 3281 1608 3336; x_wconf 82' lang='lat' dir='ltr'>Garslinal.</span> <span class='ocrx_word' id='word_1_543' title='bbox 1622 3279 1719 3334; x_wconf 81' lang='lat' dir='ltr'>l&#39;useh.</span> <span class='ocrx_word' id='word_1_544' title='bbox 1730 3290 1821 3352; x_wconf 83' lang='lat' dir='ltr'>praet.</span> 
     </span>
     <span class='ocr_line' id='line_1_37' title="bbox 120 3361 1823 3438; baseline 0.002 -22"><span class='ocrx_word' id='word_1_545' title='bbox 120 3361 194 3432; x_wconf 66' lang='lat' dir='ltr'>quit.</span> <span class='ocrx_word' id='word_1_546' title='bbox 210 3363 258 3418; x_wconf 91' lang='lat' dir='ltr'>dn.</span> <span class='ocrx_word' id='word_1_547' title='bbox 276 3364 366 3420; x_wconf 84' lang='lat' dir='ltr'>Praes.</span> <span class='ocrx_word' id='word_1_548' title='bbox 379 3369 404 3421; x_wconf 83' lang='lat' dir='ltr'>d.</span> <span class='ocrx_word' id='word_1_549' title='bbox 417 3369 437 3420; x_wconf 77' lang='lat' dir='ltr'>l.</span> <span class='ocrx_word' id='word_1_550' title='bbox 810 3431 812 3436; x_wconf 28' lang='grc' dir='ltr'>Ι</span> <span class='ocrx_word' id='word_1_551' title='bbox 995 3368 1082 3420; x_wconf 84' lang='lat' dir='ltr'>conel.</span> <span class='ocrx_word' id='word_1_552' title='bbox 1100 3368 1187 3422; x_wconf 81' lang='lat' dir='ltr'>conci.</span> <span class='ocrx_word' id='word_1_553' title='bbox 1208 3377 1268 3422; x_wconf 83' lang='lat' dir='ltr'>tte.</span> <span class='ocrx_word' id='word_1_554' title='bbox 1287 3387 1316 3420; x_wconf 87' lang='lat' dir='ltr'>n.</span> <span class='ocrx_word' id='word_1_555' title='bbox 1336 3378 1359 3421; x_wconf 85' lang='lat' dir='ltr'>s.</span> <span class='ocrx_word' id='word_1_556' title='bbox 1378 3369 1418 3421; x_wconf 85' lang='lat' dir='ltr'>lit.</span> <span class='ocrx_word' id='word_1_557' title='bbox 1426 3369 1459 3438; x_wconf 90' lang='lat' dir='ltr'>s.</span> <span class='ocrx_word' id='word_1_558' title='bbox 1476 3370 1530 3437; x_wconf 91' lang='lat' dir='ltr'>jam</span> <span class='ocrx_word' id='word_1_559' title='bbox 1549 3384 1611 3424; x_wconf 84' lang='lat' dir='ltr'>sero</span> <span class='ocrx_word' id='word_1_560' title='bbox 1629 3369 1660 3420; x_wconf 90' lang='lat' dir='ltr'>in</span> <span class='ocrx_word' id='word_1_561' title='bbox 1678 3383 1710 3420; x_wconf 91' lang='lat' dir='ltr'>eo</span> <span class='ocrx_word' id='word_1_562' title='bbox 1728 3382 1823 3420; x_wconf 85' lang='lat' dir='ltr'>conse-</span> 
     </span>
     <span class='ocr_line' id='line_1_38' title="bbox 147 3451 1820 3536; baseline -0.005 -32"><span class='ocrx_word' id='word_1_563' title='bbox 147 3455 232 3508; x_wconf 79' lang='lat' dir='ltr'>Pom</span> <span class='ocrx_word' id='word_1_564' title='bbox 244 3453 366 3525; x_wconf 81' lang='lat' dir='ltr'>stipulata</span> <span class='ocrx_word' id='word_1_565' title='bbox 379 3460 736 3533; x_wconf 62' lang='lat' dir='ltr'>manuaconaideraripppeqt</span> <span class='ocrx_word' id='word_1_566' title='bbox 747 3463 879 3536; x_wconf 54' lang='lat' dir='ltr'>umqmm</span> <span class='ocrx_word' id='word_1_567' title='bbox 889 3483 944 3520; x_wconf 68' lang='lat' dir='ltr'>mo.</span> <span class='ocrx_word' id='word_1_568' title='bbox 996 3451 1056 3504; x_wconf 78' lang='lat' dir='ltr'>nire</span> <span class='ocrx_word' id='word_1_569' title='bbox 1073 3451 1149 3507; x_wconf 77' lang='lat' dir='ltr'>rideo</span> <span class='ocrx_word' id='word_1_570' title='bbox 1168 3452 1214 3504; x_wconf 84' lang='lat' dir='ltr'>tid.</span> <span class='ocrx_word' id='word_1_571' title='bbox 1230 3453 1300 3524; x_wconf 84' lang='lat' dir='ltr'>qnod</span> <span class='ocrx_word' id='word_1_572' title='bbox 1319 3452 1433 3508; x_wconf 78' lang='lat' dir='ltr'>formul</span> <span class='ocrx_word' id='word_1_573' title='bbox 1454 3451 1608 3525; x_wconf 70' lang='lat' dir='ltr'>sponsionis</span> <span class='ocrx_word' id='word_1_574' title='bbox 1622 3453 1650 3506; x_wconf 91' lang='lat' dir='ltr'>iu</span> <span class='ocrx_word' id='word_1_575' title='bbox 1664 3461 1756 3506; x_wconf 78' lang='lat' dir='ltr'>multis</span> <span class='ocrx_word' id='word_1_576' title='bbox 1770 3453 1820 3505; x_wconf 82' lang='lat' dir='ltr'>sli-</span> 
     </span>
     <span class='ocr_line' id='line_1_39' title="bbox 122 3536 1822 3615; baseline -0.002 -23"><span class='ocrx_word' id='word_1_577' title='bbox 122 3537 173 3592; x_wconf 84' lang='lat' dir='ltr'>dns</span> <span class='ocrx_word' id='word_1_578' title='bbox 183 3539 371 3610; x_wconf 89' lang='lat' dir='ltr'>promittendi,</span> <span class='ocrx_word' id='word_1_579' title='bbox 387 3543 494 3610; x_wconf 84' lang='lat' dir='ltr'>quando</span> <span class='ocrx_word' id='word_1_580' title='bbox 511 3545 571 3611; x_wconf 89' lang='lat' dir='ltr'>quis</span> <span class='ocrx_word' id='word_1_581' title='bbox 591 3545 752 3599; x_wconf 86' lang='lat' dir='ltr'>moribundo</span> <span class='ocrx_word' id='word_1_582' title='bbox 765 3559 790 3600; x_wconf 87' lang='lat' dir='ltr'>et</span> <span class='ocrx_word' id='word_1_583' title='bbox 805 3548 945 3615; x_wconf 78' lang='lat' dir='ltr'>agonieun.</span> <span class='ocrx_word' id='word_1_584' title='bbox 998 3538 1136 3607; x_wconf 82' lang='lat' dir='ltr'>palatione</span> <span class='ocrx_word' id='word_1_585' title='bbox 1154 3541 1336 3592; x_wconf 85' lang='lat' dir='ltr'>constituent:</span> <span class='ocrx_word' id='word_1_586' title='bbox 1355 3539 1407 3591; x_wconf 91' lang='lat' dir='ltr'>duo</span> <span class='ocrx_word' id='word_1_587' title='bbox 1426 3539 1500 3592; x_wconf 90' lang='lat' dir='ltr'>enim</span> <span class='ocrx_word' id='word_1_588' title='bbox 1515 3538 1560 3590; x_wconf 91' lang='lat' dir='ltr'>hic</span> <span class='ocrx_word' id='word_1_589' title='bbox 1573 3537 1627 3590; x_wconf 90' lang='lat' dir='ltr'>sibi</span> <span class='ocrx_word' id='word_1_590' title='bbox 1639 3536 1759 3592; x_wconf 80' lang='lat' dir='ltr'>vicissim</span> <span class='ocrx_word' id='word_1_591' title='bbox 1774 3537 1822 3589; x_wconf 86' lang='lat' dir='ltr'>ali·</span> 
     </span>
     <span class='ocr_line' id='line_1_40' title="bbox 119 3621 1820 3704; baseline -0.002 -29"><span class='ocrx_word' id='word_1_592' title='bbox 119 3627 144 3678; x_wconf 84' lang='lat' dir='ltr'>si</span> <span class='ocrx_word' id='word_1_593' title='bbox 161 3626 227 3696; x_wconf 86' lang='lat' dir='ltr'>quid</span> <span class='ocrx_word' id='word_1_594' title='bbox 240 3627 375 3696; x_wconf 84' lang='lat' dir='ltr'>promittit</span> <span class='ocrx_word' id='word_1_595' title='bbox 393 3629 543 3679; x_wconf 78' lang='lat' dir='ltr'>ms&#39;eeinem</span> <span class='ocrx_word' id='word_1_596' title='bbox 555 3627 749 3700; x_wconf 62' lang='lat' dir='ltr'>Handacmage</span> <span class='ocrx_word' id='word_1_597' title='bbox 764 3649 787 3685; x_wconf 59' lang='grc' dir='ltr'>ο,</span> <span class='ocrx_word' id='word_1_598' title='bbox 800 3651 839 3700; x_wconf 66' lang='lat' dir='ltr'>gr,</span> <span class='ocrx_word' id='word_1_599' title='bbox 853 3635 946 3704; x_wconf 58' lang='lat' dir='ltr'>siqui,</span> <span class='ocrx_word' id='word_1_600' title='bbox 997 3621 1063 3690; x_wconf 90' lang='lat' dir='ltr'>quid</span> <span class='ocrx_word' id='word_1_601' title='bbox 1082 3621 1230 3692; x_wconf 85' lang='lat' dir='ltr'>spondent,</span> <span class='ocrx_word' id='word_1_602' title='bbox 1250 3623 1319 3674; x_wconf 79' lang='lat' dir='ltr'>hess</span> <span class='ocrx_word' id='word_1_603' title='bbox 1338 3623 1372 3675; x_wconf 85' lang='lat' dir='ltr'>de</span> <span class='ocrx_word' id='word_1_604' title='bbox 1382 3623 1451 3694; x_wconf 78' lang='lat' dir='ltr'>just.</span> <span class='ocrx_word' id='word_1_605' title='bbox 1467 3633 1496 3675; x_wconf 85' lang='lat' dir='ltr'>et</span> <span class='ocrx_word' id='word_1_606' title='bbox 1506 3622 1561 3693; x_wconf 82' lang='lat' dir='ltr'>jur·</span> <span class='ocrx_word' id='word_1_607' title='bbox 1584 3621 1635 3673; x_wconf 76' lang='lat' dir='ltr'>tit.</span> <span class='ocrx_word' id='word_1_608' title='bbox 1658 3632 1681 3674; x_wconf 83' lang='lat' dir='ltr'>s.</span> <span class='ocrx_word' id='word_1_609' title='bbox 1699 3638 1757 3692; x_wconf 80' lang='lat' dir='ltr'>cop.</span> <span class='ocrx_word' id='word_1_610' title='bbox 1778 3633 1820 3674; x_wconf 82' lang='lat' dir='ltr'>ss.</span> 
     </span>
     <span class='ocr_line' id='line_1_41' title="bbox 119 3704 1821 3784; baseline 0.005 -22"><span class='ocrx_word' id='word_1_611' title='bbox 119 3712 176 3776; x_wconf 84' lang='lat' dir='ltr'>jem</span> <span class='ocrx_word' id='word_1_612' title='bbox 195 3709 226 3760; x_wconf 85' lang='lat' dir='ltr'>in</span> <span class='ocrx_word' id='word_1_613' title='bbox 244 3725 327 3778; x_wconf 68' lang='lat' dir='ltr'>agnem</span> <span class='ocrx_word' id='word_1_614' title='bbox 343 3711 490 3768; x_wconf 85' lang='lat' dir='ltr'>constituto</span> <span class='ocrx_word' id='word_1_615' title='bbox 504 3711 628 3782; x_wconf 88' lang='lat' dir='ltr'>stipulata</span> <span class='ocrx_word' id='word_1_616' title='bbox 642 3729 719 3765; x_wconf 87' lang='lat' dir='ltr'>mauu</span> <span class='ocrx_word' id='word_1_617' title='bbox 731 3716 903 3784; x_wconf 85' lang='lat' dir='ltr'>promiserit;</span> <span class='ocrx_word' id='word_1_618' title='bbox 918 3735 946 3770; x_wconf 91' lang='lat' dir='ltr'>se</span> <span class='ocrx_word' id='word_1_619' title='bbox 997 3704 1061 3760; x_wconf 64' lang='lat' dir='ltr'>dvi·</span> <span class='ocrx_word' id='word_1_620' title='bbox 1075 3719 1099 3760; x_wconf 78' lang='lat'>¹·</span> <span class='ocrx_word' id='word_1_621' title='bbox 1112 3726 1139 3760; x_wconf 79' lang='grc' dir='ltr'>η·</span> <span class='ocrx_word' id='word_1_622' title='bbox 1155 3717 1178 3760; x_wconf 82' lang='lat'>²·</span> <span class='ocrx_word' id='word_1_623' title='bbox 1193 3707 1526 3779; x_wconf 68' lang='lat' dir='ltr'>Bsssid·²f¹⁶¹t¹¹1¹&#39;·ttt&#39;⁰⁰i·</span> <span class='ocrx_word' id='word_1_624' title='bbox 1539 3725 1601 3760; x_wconf 71' lang='lat'><strong><em>¹²⁰0·</em></strong></span> <span class='ocrx_word' id='word_1_625' title='bbox 1613 3707 1821 3778; x_wconf 56' lang='lat' dir='ltr'>Wel&#39;ianttttd</span> 
     </span>
     <span class='ocr_line' id='line_1_42' title="bbox 119 3791 1822 3869; baseline -0.001 -19"><span class='ocrx_word' id='word_1_626' title='bbox 119 3795 267 3850; x_wconf 81' lang='lat' dir='ltr'>libernrnm</span> <span class='ocrx_word' id='word_1_627' title='bbox 280 3795 846 3866; x_wconf 81' lang='lat' dir='ltr'>superstitumtutelamsuscepturumesse.</span> <span class='ocrx_word' id='word_1_628' title='bbox 860 3800 947 3869; x_wconf 57' lang='lat' dir='ltr'>Qum.</span> <span class='ocrx_word' id='word_1_629' title='bbox 1001 3791 1024 3844; x_wconf 87' lang='lat' dir='ltr'>si</span> <span class='ocrx_word' id='word_1_630' title='bbox 1043 3792 1082 3844; x_wconf 90' lang='lat' dir='ltr'>ita</span> <span class='ocrx_word' id='word_1_631' title='bbox 1100 3802 1154 3856; x_wconf 90' lang='lat' dir='ltr'>est,</span> <span class='ocrx_word' id='word_1_632' title='bbox 1173 3809 1228 3846; x_wconf 89' lang='lat' dir='ltr'>non</span> <span class='ocrx_word' id='word_1_633' title='bbox 1247 3792 1331 3861; x_wconf 76' lang='lat' dir='ltr'>magis</span> <span class='ocrx_word' id='word_1_634' title='bbox 1349 3791 1382 3845; x_wconf 84' lang='lat' dir='ltr'>ad</span> <span class='ocrx_word' id='word_1_635' title='bbox 1408 3791 1580 3861; x_wconf 90' lang='lat' dir='ltr'>sponsionem</span> <span class='ocrx_word' id='word_1_636' title='bbox 1604 3792 1753 3846; x_wconf 86' lang='lat' dir='ltr'>neeesssria</span> <span class='ocrx_word' id='word_1_637' title='bbox 1780 3805 1822 3848; x_wconf 90' lang='lat' dir='ltr'>est</span> 
     </span>
    </p>
   </div>
   <div class='ocr_carea' id='block_1_3' title="bbox 118 3875 1819 3955">
    <p class='ocr_par' dir='ltr' id='par_1_3' title="bbox 118 3875 1819 3955">
     <span class='ocr_line' id='line_1_43' title="bbox 118 3875 1819 3955; baseline -0.003 -22"><span class='ocrx_word' id='word_1_638' title='bbox 118 3882 192 3934; x_wconf 86' lang='lat' dir='ltr'>ritnr</span> <span class='ocrx_word' id='word_1_639' title='bbox 210 3881 277 3950; x_wconf 87' lang='lat' dir='ltr'>quid</span> <span class='ocrx_word' id='word_1_640' title='bbox 296 3882 344 3934; x_wconf 92' lang='lat' dir='ltr'>hoc</span> <span class='ocrx_word' id='word_1_641' title='bbox 356 3890 494 3951; x_wconf 84' lang='lat' dir='ltr'>operetur:</span> <span class='ocrx_word' id='word_1_642' title='bbox 507 3897 541 3936; x_wconf 92' lang='lat' dir='ltr'>an</span> <span class='ocrx_word' id='word_1_643' title='bbox 555 3881 785 3936; x_wconf 88' lang='lat' dir='ltr'>nonobstantibus</span> <span class='ocrx_word' id='word_1_644' title='bbox 798 3883 947 3955; x_wconf 87' lang='lat' dir='ltr'>illis,quaa</span> <span class='ocrx_word' id='word_1_645' title='bbox 1001 3876 1135 3948; x_wconf 79' lang='lat' dir='ltr'>porrectio</span> <span class='ocrx_word' id='word_1_646' title='bbox 1153 3893 1260 3944; x_wconf 82' lang='lat' dir='ltr'>manua,</span> <span class='ocrx_word' id='word_1_647' title='bbox 1277 3894 1356 3948; x_wconf 84' lang='lat' dir='ltr'>quant</span> <span class='ocrx_word' id='word_1_648' title='bbox 1375 3875 1408 3928; x_wconf 86' lang='lat' dir='ltr'>ad</span> <span class='ocrx_word' id='word_1_649' title='bbox 1426 3875 1647 3946; x_wconf 67' lang='lat' dir='ltr'>stipulationem,</span> <span class='ocrx_word' id='word_1_650' title='bbox 1664 3877 1735 3930; x_wconf 89' lang='lat' dir='ltr'>hanc</span> <span class='ocrx_word' id='word_1_651' title='bbox 1759 3895 1819 3934; x_wconf 77' lang='lat' dir='ltr'>sero</span> 
     </span>
    </p>
   </div>
   <div class='ocr_carea' id='block_1_4' title="bbox 110 3963 951 5812">
    <p class='ocr_par' dir='ltr' id='par_1_4' title="bbox 110 3963 951 5812">
     <span class='ocr_line' id='line_1_44' title="bbox 118 3963 948 4036; baseline 0 -18"><span class='ocrx_word' id='word_1_652' title='bbox 118 3969 163 4034; x_wconf 83' lang='lat' dir='ltr'>jus</span> <span class='ocrx_word' id='word_1_653' title='bbox 181 3965 237 4036; x_wconf 90' lang='lat' dir='ltr'>ipsi</span> <span class='ocrx_word' id='word_1_654' title='bbox 255 3963 387 4034; x_wconf 81' lang='lat' dir='ltr'>indulget,</span> <span class='ocrx_word' id='word_1_655' title='bbox 406 3977 432 4020; x_wconf 90' lang='lat' dir='ltr'>et</span> <span class='ocrx_word' id='word_1_656' title='bbox 448 3977 467 4018; x_wconf 88' lang='lat' dir='ltr'>t.</span> <span class='ocrx_word' id='word_1_657' title='bbox 486 3977 506 4018; x_wconf 89' lang='lat' dir='ltr'>t.</span> <span class='ocrx_word' id='word_1_658' title='bbox 523 3966 550 4020; x_wconf 85' lang='lat' dir='ltr'>d.</span> <span class='ocrx_word' id='word_1_659' title='bbox 568 3985 660 4022; x_wconf 78' lang='lat' dir='ltr'>erens.</span> <span class='ocrx_word' id='word_1_660' title='bbox 679 3977 729 4022; x_wconf 85' lang='lat' dir='ltr'>rut.</span> <span class='ocrx_word' id='word_1_661' title='bbox 747 3969 883 4032; x_wconf 90' lang='lat' dir='ltr'>continet,</span> <span class='ocrx_word' id='word_1_662' title='bbox 902 3984 948 4021; x_wconf 87' lang='lat' dir='ltr'>er·</span> 
     </span>
     <span class='ocr_line' id='line_1_45' title="bbox 118 4049 949 4121; baseline -0.001 -19"><span class='ocrx_word' id='word_1_663' title='bbox 118 4049 303 4104; x_wconf 78' lang='lat' dir='ltr'>curationibus</span> <span class='ocrx_word' id='word_1_664' title='bbox 323 4059 442 4104; x_wconf 82' lang='lat' dir='ltr'>tenentur</span> <span class='ocrx_word' id='word_1_665' title='bbox 469 4053 579 4103; x_wconf 81' lang='lat' dir='ltr'>tutelam</span> <span class='ocrx_word' id='word_1_666' title='bbox 597 4049 754 4121; x_wconf 81' lang='lat' dir='ltr'>suscipere?</span> <span class='ocrx_word' id='word_1_667' title='bbox 774 4051 852 4120; x_wconf 83' lang='lat' dir='ltr'>Quod</span> <span class='ocrx_word' id='word_1_668' title='bbox 874 4049 949 4104; x_wconf 82' lang='lat' dir='ltr'>aibr·</span> 
     </span>
     <span class='ocr_line' id='line_1_46' title="bbox 118 4133 949 4204; baseline 0 -16"><span class='ocrx_word' id='word_1_669' title='bbox 118 4143 228 4198; x_wconf 84' lang='lat' dir='ltr'>matur,</span> <span class='ocrx_word' id='word_1_670' title='bbox 247 4135 309 4204; x_wconf 89' lang='lat' dir='ltr'>quia</span> <span class='ocrx_word' id='word_1_671' title='bbox 326 4133 372 4204; x_wconf 89' lang='lat' dir='ltr'>qni</span> <span class='ocrx_word' id='word_1_672' title='bbox 392 4136 474 4188; x_wconf 89' lang='lat' dir='ltr'>semel</span> <span class='ocrx_word' id='word_1_673' title='bbox 491 4135 628 4190; x_wconf 86' lang='lat' dir='ltr'>consensit</span> <span class='ocrx_word' id='word_1_674' title='bbox 646 4136 676 4188; x_wconf 91' lang='lat' dir='ltr'>in</span> <span class='ocrx_word' id='word_1_675' title='bbox 695 4135 824 4198; x_wconf 82' lang='lat' dir='ltr'>tutelam,</span> <span class='ocrx_word' id='word_1_676' title='bbox 843 4152 949 4188; x_wconf 82' lang='lat' dir='ltr'>erema·</span> 
     </span>
     <span class='ocr_line' id='line_1_47' title="bbox 118 4217 948 4290; baseline 0 -16"><span class='ocrx_word' id='word_1_677' title='bbox 118 4219 205 4274; x_wconf 76' lang='lat' dir='ltr'>uanis</span> <span class='ocrx_word' id='word_1_678' title='bbox 224 4222 266 4289; x_wconf 83' lang='lat' dir='ltr'>jus</span> <span class='ocrx_word' id='word_1_679' title='bbox 285 4219 424 4274; x_wconf 84' lang='lat' dir='ltr'>remisisse</span> <span class='ocrx_word' id='word_1_680' title='bbox 437 4219 617 4290; x_wconf 80' lang='lat' dir='ltr'>intelligitur,</span> <span class='ocrx_word' id='word_1_681' title='bbox 636 4237 684 4290; x_wconf 89' lang='lat' dir='ltr'>per</span> <span class='ocrx_word' id='word_1_682' title='bbox 702 4220 720 4271; x_wconf 87' lang='lat' dir='ltr'>l.</span> <span class='ocrx_word' id='word_1_683' title='bbox 744 4231 783 4272; x_wconf 84' lang='lat' dir='ltr'>ts.</span> <span class='ocrx_word' id='word_1_684' title='bbox 793 4217 835 4287; x_wconf 55' lang='grc' dir='ltr'><em>ᾖ</em></span> <span class='ocrx_word' id='word_1_685' title='bbox 853 4217 948 4274; x_wconf 75' lang='lat' dir='ltr'>deso·</span> 
     </span>
     <span class='ocr_line' id='line_1_48' title="bbox 118 4303 951 4374; baseline -0.007 -12"><span class='ocrx_word' id='word_1_686' title='bbox 118 4323 175 4362; x_wconf 77' lang='lat' dir='ltr'>car.</span> <span class='ocrx_word' id='word_1_687' title='bbox 194 4313 245 4360; x_wconf 80' lang='lat' dir='ltr'>tut.</span> <span class='ocrx_word' id='word_1_688' title='bbox 263 4306 286 4372; x_wconf 52' lang='grc' dir='ltr'><strong>ᾗ</strong></span> <span class='ocrx_word' id='word_1_689' title='bbox 307 4314 330 4356; x_wconf 93' lang='lat' dir='ltr'>t.</span> <span class='ocrx_word' id='word_1_690' title='bbox 348 4303 411 4358; x_wconf 80' lang='lat' dir='ltr'>Nisi</span> <span class='ocrx_word' id='word_1_691' title='bbox 431 4315 520 4358; x_wconf 89' lang='lat' dir='ltr'>tamen</span> <span class='ocrx_word' id='word_1_692' title='bbox 540 4312 598 4374; x_wconf 86' lang='lat' dir='ltr'>post</span> <span class='ocrx_word' id='word_1_693' title='bbox 621 4303 831 4374; x_wconf 86' lang='lat' dir='ltr'>promissionem</span> <span class='ocrx_word' id='word_1_694' title='bbox 860 4321 951 4356; x_wconf 89' lang='lat' dir='ltr'>neees-</span> 
     </span>
     <span class='ocr_line' id='line_1_49' title="bbox 118 4387 949 4460; baseline -0.002 -16"><span class='ocrx_word' id='word_1_695' title='bbox 118 4391 222 4444; x_wconf 85' lang='lat' dir='ltr'>asrium</span> <span class='ocrx_word' id='word_1_696' title='bbox 240 4389 347 4459; x_wconf 83' lang='lat' dir='ltr'>aliquod</span> <span class='ocrx_word' id='word_1_697' title='bbox 366 4388 591 4458; x_wconf 86' lang='lat' dir='ltr'>impedimentum</span> <span class='ocrx_word' id='word_1_698' title='bbox 615 4389 814 4460; x_wconf 82' lang='lat' dir='ltr'>supersenerit;</span> <span class='ocrx_word' id='word_1_699' title='bbox 840 4387 874 4440; x_wconf 91' lang='lat' dir='ltr'>de</span> <span class='ocrx_word' id='word_1_700' title='bbox 897 4407 949 4458; x_wconf 92' lang='lat' dir='ltr'>quo</span> 
     </span>
     <span class='ocr_line' id='line_1_50' title="bbox 114 4473 947 4545; baseline -0.002 -16"><span class='ocrx_word' id='word_1_701' title='bbox 114 4487 238 4545; x_wconf 84' lang='lat' dir='ltr'>tempora</span> <span class='ocrx_word' id='word_1_702' title='bbox 255 4473 442 4544; x_wconf 79' lang='lat' dir='ltr'>promissionis</span> <span class='ocrx_word' id='word_1_703' title='bbox 459 4473 587 4543; x_wconf 73' lang='lat' dir='ltr'>cogitasse</span> <span class='ocrx_word' id='word_1_704' title='bbox 598 4491 651 4528; x_wconf 92' lang='lat' dir='ltr'>non</span> <span class='ocrx_word' id='word_1_705' title='bbox 665 4473 855 4543; x_wconf 88' lang='lat' dir='ltr'>praesumitur:</span> <span class='ocrx_word' id='word_1_706' title='bbox 870 4491 893 4538; x_wconf 92' lang='lat' dir='ltr'>e,</span> <span class='ocrx_word' id='word_1_707' title='bbox 907 4491 947 4542; x_wconf 75' lang='lat' dir='ltr'>gr.</span> 
     </span>
     <span class='ocr_line' id='line_1_51' title="bbox 116 4556 946 4629; baseline 0 -17"><span class='ocrx_word' id='word_1_708' title='bbox 116 4560 140 4612; x_wconf 84' lang='lat' dir='ltr'>ei</span> <span class='ocrx_word' id='word_1_709' title='bbox 160 4557 247 4612; x_wconf 82' lang='lat' dir='ltr'>teiam</span> <span class='ocrx_word' id='word_1_710' title='bbox 261 4559 419 4622; x_wconf 85' lang='lat' dir='ltr'>tutelarum,</span> <span class='ocrx_word' id='word_1_711' title='bbox 431 4573 574 4629; x_wconf 87' lang='lat' dir='ltr'>earumque</span> <span class='ocrx_word' id='word_1_712' title='bbox 586 4558 786 4626; x_wconf 74' lang='lat' dir='ltr'>negotiosorum</span> <span class='ocrx_word' id='word_1_713' title='bbox 799 4574 879 4612; x_wconf 90' lang='lat' dir='ltr'>onera</span> <span class='ocrx_word' id='word_1_714' title='bbox 892 4556 946 4612; x_wconf 88' lang='lat' dir='ltr'>for·</span> 
     </span>
     <span class='ocr_line' id='line_1_52' title="bbox 117 4641 945 4712; baseline -0.006 -14"><span class='ocrx_word' id='word_1_715' title='bbox 117 4644 189 4698; x_wconf 80' lang='lat' dir='ltr'>saian</span> <span class='ocrx_word' id='word_1_716' title='bbox 203 4651 233 4695; x_wconf 87' lang='lat' dir='ltr'>et</span> <span class='ocrx_word' id='word_1_717' title='bbox 249 4642 387 4712; x_wconf 88' lang='lat' dir='ltr'>insperato</span> <span class='ocrx_word' id='word_1_718' title='bbox 405 4641 539 4712; x_wconf 79' lang='lat' dir='ltr'>suscipere</span> <span class='ocrx_word' id='word_1_719' title='bbox 549 4657 654 4696; x_wconf 85' lang='lat' dir='ltr'>neeesse</span> <span class='ocrx_word' id='word_1_720' title='bbox 666 4641 805 4706; x_wconf 88' lang='lat' dir='ltr'>hahuerit,</span> <span class='ocrx_word' id='word_1_721' title='bbox 818 4643 898 4694; x_wconf 87' lang='lat' dir='ltr'>etsie</span> <span class='ocrx_word' id='word_1_722' title='bbox 911 4643 945 4693; x_wconf 89' lang='lat' dir='ltr'>li·</span> 
     </span>
     <span class='ocr_line' id='line_1_53' title="bbox 117 4725 945 4796; baseline 0.002 -18"><span class='ocrx_word' id='word_1_723' title='bbox 117 4725 201 4780; x_wconf 73' lang='lat' dir='ltr'>mitae</span> <span class='ocrx_word' id='word_1_724' title='bbox 217 4725 332 4796; x_wconf 72' lang='lat' dir='ltr'>magnif.</span> <span class='ocrx_word' id='word_1_725' title='bbox 344 4726 389 4782; x_wconf 82' lang='lat' dir='ltr'>dn.</span> <span class='ocrx_word' id='word_1_726' title='bbox 409 4727 498 4780; x_wconf 85' lang='lat' dir='ltr'>Preea.</span> <span class='ocrx_word' id='word_1_727' title='bbox 515 4726 543 4780; x_wconf 85' lang='lat' dir='ltr'>in</span> <span class='ocrx_word' id='word_1_728' title='bbox 562 4726 636 4780; x_wconf 83' lang='lat' dir='ltr'>citat.</span> <span class='ocrx_word' id='word_1_729' title='bbox 650 4736 709 4778; x_wconf 86' lang='lat' dir='ltr'>not.</span> <span class='ocrx_word' id='word_1_730' title='bbox 723 4727 761 4779; x_wconf 84' lang='lat' dir='ltr'>ad</span> <span class='ocrx_word' id='word_1_731' title='bbox 776 4727 840 4778; x_wconf 83' lang='lat' dir='ltr'>inst.</span> <span class='ocrx_word' id='word_1_732' title='bbox 855 4727 893 4780; x_wconf 84' lang='lat' dir='ltr'>ud</span> <span class='ocrx_word' id='word_1_733' title='bbox 904 4729 945 4780; x_wconf 88' lang='lat' dir='ltr'>tit.</span> 
     </span>
     <span class='ocr_line' id='line_1_54' title="bbox 116 4807 947 4882; baseline 0.005 -20"><span class='ocrx_word' id='word_1_734' title='bbox 116 4807 150 4861; x_wconf 85' lang='lat' dir='ltr'>de</span> <span class='ocrx_word' id='word_1_735' title='bbox 169 4825 263 4863; x_wconf 71' lang='lat' dir='ltr'>exeun</span> <span class='ocrx_word' id='word_1_736' title='bbox 282 4819 367 4864; x_wconf 83' lang='lat' dir='ltr'>tutor.</span> <span class='ocrx_word' id='word_1_737' title='bbox 387 4818 410 4874; x_wconf 68' lang='lat' dir='ltr'>t.</span> <span class='ocrx_word' id='word_1_738' title='bbox 430 4822 454 4862; x_wconf 83' lang='lat' dir='ltr'>s.</span> <span class='ocrx_word' id='word_1_739' title='bbox 474 4810 615 4882; x_wconf 86' lang='lat' dir='ltr'>Quomodo</span> <span class='ocrx_word' id='word_1_740' title='bbox 634 4827 696 4868; x_wconf 79' lang='lat' dir='ltr'>aero</span> <span class='ocrx_word' id='word_1_741' title='bbox 715 4810 760 4862; x_wconf 90' lang='lat' dir='ltr'>bie</span> <span class='ocrx_word' id='word_1_742' title='bbox 777 4827 852 4864; x_wconf 88' lang='lat' dir='ltr'>casua</span> <span class='ocrx_word' id='word_1_743' title='bbox 876 4811 947 4866; x_wconf 91' lang='lat' dir='ltr'>deei-</span> 
     </span>
     <span class='ocr_line' id='line_1_55' title="bbox 115 4893 947 4966; baseline 0.005 -18"><span class='ocrx_word' id='word_1_744' title='bbox 115 4893 238 4950; x_wconf 84' lang='lat' dir='ltr'>dandars:</span> <span class='ocrx_word' id='word_1_745' title='bbox 256 4894 345 4949; x_wconf 79' lang='lat' dir='ltr'>Titius</span> <span class='ocrx_word' id='word_1_746' title='bbox 364 4897 395 4948; x_wconf 91' lang='lat' dir='ltr'>in</span> <span class='ocrx_word' id='word_1_747' title='bbox 413 4913 496 4966; x_wconf 74' lang='lat' dir='ltr'>egone</span> <span class='ocrx_word' id='word_1_748' title='bbox 514 4896 675 4950; x_wconf 89' lang='lat' dir='ltr'>constitutus</span> <span class='ocrx_word' id='word_1_749' title='bbox 694 4894 728 4948; x_wconf 89' lang='lat' dir='ltr'>ed</span> <span class='ocrx_word' id='word_1_750' title='bbox 747 4913 776 4950; x_wconf 91' lang='lat' dir='ltr'>ae</span> <span class='ocrx_word' id='word_1_751' title='bbox 793 4906 867 4951; x_wconf 85' lang='lat' dir='ltr'>secat</span> <span class='ocrx_word' id='word_1_752' title='bbox 890 4900 947 4952; x_wconf 79' lang='lat' dir='ltr'>lile-</span> 
     </span>
     <span class='ocr_line' id='line_1_56' title="bbox 115 4978 941 5052; baseline 0 -20"><span class='ocrx_word' id='word_1_753' title='bbox 115 4981 209 5042; x_wconf 84' lang='lat' dir='ltr'>rium,</span> <span class='ocrx_word' id='word_1_754' title='bbox 230 4978 300 5050; x_wconf 87' lang='lat' dir='ltr'>petit</span> <span class='ocrx_word' id='word_1_755' title='bbox 311 4978 345 5032; x_wconf 86' lang='lat' dir='ltr'>ab</span> <span class='ocrx_word' id='word_1_756' title='bbox 359 4979 433 5052; x_wconf 88' lang='lat' dir='ltr'>ipso,</span> <span class='ocrx_word' id='word_1_757' title='bbox 446 4989 476 5033; x_wconf 87' lang='lat' dir='ltr'>ul</span> <span class='ocrx_word' id='word_1_758' title='bbox 488 4980 616 5050; x_wconf 83' lang='lat' dir='ltr'>stipulata</span> <span class='ocrx_word' id='word_1_759' title='bbox 629 4996 709 5032; x_wconf 86' lang='lat' dir='ltr'>menn</span> <span class='ocrx_word' id='word_1_760' title='bbox 721 4981 874 5048; x_wconf 87' lang='lat' dir='ltr'>promittat,</span> <span class='ocrx_word' id='word_1_761' title='bbox 888 4980 941 5036; x_wconf 85' lang='lat' dir='ltr'>rel·</span> 
     </span>
     <span class='ocr_line' id='line_1_57' title="bbox 114 5062 945 5134; baseline 0.002 -18"><span class='ocrx_word' id='word_1_762' title='bbox 114 5065 142 5116; x_wconf 91' lang='lat' dir='ltr'>le</span> <span class='ocrx_word' id='word_1_763' title='bbox 161 5079 192 5118; x_wconf 87' lang='lat' dir='ltr'>ae</span> <span class='ocrx_word' id='word_1_764' title='bbox 209 5071 271 5132; x_wconf 90' lang='lat' dir='ltr'>post</span> <span class='ocrx_word' id='word_1_765' title='bbox 284 5062 337 5116; x_wconf 88' lang='lat' dir='ltr'>lata</span> <span class='ocrx_word' id='word_1_766' title='bbox 350 5063 420 5118; x_wconf 85' lang='lat' dir='ltr'>Titii</span> <span class='ocrx_word' id='word_1_767' title='bbox 435 5064 622 5118; x_wconf 78' lang='lat' dir='ltr'>haereditatem</span> <span class='ocrx_word' id='word_1_768' title='bbox 636 5063 774 5118; x_wconf 86' lang='lat' dir='ltr'>restituere</span> <span class='ocrx_word' id='word_1_769' title='bbox 788 5063 865 5134; x_wconf 68' lang='lat' dir='ltr'>Cejm</span> <span class='ocrx_word' id='word_1_770' title='bbox 880 5063 945 5118; x_wconf 89' lang='lat' dir='ltr'>haec</span> 
     </span>
     <span class='ocr_line' id='line_1_58' title="bbox 113 5149 943 5220; baseline 0.002 -18"><span class='ocrx_word' id='word_1_771' title='bbox 113 5167 181 5207; x_wconf 82' lang='lat' dir='ltr'>seso</span> <span class='ocrx_word' id='word_1_772' title='bbox 197 5149 345 5220; x_wconf 86' lang='lat' dir='ltr'>promissio</span> <span class='ocrx_word' id='word_1_773' title='bbox 362 5165 446 5219; x_wconf 87' lang='lat' dir='ltr'>neque</span> <span class='ocrx_word' id='word_1_774' title='bbox 464 5165 497 5202; x_wconf 80' lang='lat' dir='ltr'>ex</span> <span class='ocrx_word' id='word_1_775' title='bbox 515 5151 646 5219; x_wconf 88' lang='lat' dir='ltr'>scripture</span> <span class='ocrx_word' id='word_1_776' title='bbox 666 5165 752 5219; x_wconf 90' lang='lat' dir='ltr'>neque</span> <span class='ocrx_word' id='word_1_777' title='bbox 771 5165 804 5200; x_wconf 82' lang='lat' dir='ltr'>ex</span> <span class='ocrx_word' id='word_1_778' title='bbox 826 5150 943 5220; x_wconf 89' lang='lat' dir='ltr'>quinque</span> 
     </span>
     <span class='ocr_line' id='line_1_59' title="bbox 114 5232 942 5305; baseline -0.002 -16"><span class='ocrx_word' id='word_1_779' title='bbox 114 5233 230 5289; x_wconf 88' lang='lat' dir='ltr'>testium</span> <span class='ocrx_word' id='word_1_780' title='bbox 248 5250 377 5301; x_wconf 86' lang='lat' dir='ltr'>numero,</span> <span class='ocrx_word' id='word_1_781' title='bbox 390 5235 435 5305; x_wconf 87' lang='lat' dir='ltr'>qni</span> <span class='ocrx_word' id='word_1_782' title='bbox 451 5233 560 5288; x_wconf 88' lang='lat' dir='ltr'>eliusin</span> <span class='ocrx_word' id='word_1_783' title='bbox 573 5232 792 5287; x_wconf 77' lang='lat' dir='ltr'>fideicommissis</span> <span class='ocrx_word' id='word_1_784' title='bbox 807 5233 942 5304; x_wconf 77' lang='lat' dir='ltr'>legitimus</span> 
     </span>
     <span class='ocr_line' id='line_1_60' title="bbox 111 5317 938 5390; baseline 0.002 -18"><span class='ocrx_word' id='word_1_785' title='bbox 111 5335 176 5373; x_wconf 88' lang='lat' dir='ltr'>asse</span> <span class='ocrx_word' id='word_1_786' title='bbox 192 5319 329 5383; x_wconf 84' lang='lat' dir='ltr'>nescitur,</span> <span class='ocrx_word' id='word_1_787' title='bbox 349 5327 437 5390; x_wconf 89' lang='lat' dir='ltr'>potest</span> <span class='ocrx_word' id='word_1_788' title='bbox 454 5318 635 5378; x_wconf 75' lang='lat' dir='ltr'>manifestari,</span> <span class='ocrx_word' id='word_1_789' title='bbox 655 5317 700 5372; x_wconf 89' lang='lat' dir='ltr'>sed</span> <span class='ocrx_word' id='word_1_790' title='bbox 712 5318 816 5388; x_wconf 86' lang='lat' dir='ltr'>puellus</span> <span class='ocrx_word' id='word_1_791' title='bbox 832 5319 938 5389; x_wconf 88' lang='lat' dir='ltr'>quidam</span> 
     </span>
     <span class='ocr_line' id='line_1_61' title="bbox 112 5399 940 5474; baseline 0.004 -19"><span class='ocrx_word' id='word_1_792' title='bbox 112 5399 188 5455; x_wconf 84' lang='lat' dir='ltr'>sctni</span> <span class='ocrx_word' id='word_1_793' title='bbox 207 5401 271 5456; x_wconf 87' lang='lat' dir='ltr'>buin</span> <span class='ocrx_word' id='word_1_794' title='bbox 288 5403 465 5471; x_wconf 86' lang='lat' dir='ltr'>promissorio</span> <span class='ocrx_word' id='word_1_795' title='bbox 483 5401 623 5464; x_wconf 82' lang='lat' dir='ltr'>interluit,</span> <span class='ocrx_word' id='word_1_796' title='bbox 641 5412 669 5456; x_wconf 91' lang='lat' dir='ltr'>et</span> <span class='ocrx_word' id='word_1_797' title='bbox 694 5401 822 5474; x_wconf 87' lang='lat' dir='ltr'>deinceps</span> <span class='ocrx_word' id='word_1_798' title='bbox 840 5403 874 5458; x_wconf 89' lang='lat' dir='ltr'>de</span> <span class='ocrx_word' id='word_1_799' title='bbox 891 5405 940 5459; x_wconf 88' lang='lat' dir='ltr'>hoc</span> 
     </span>
     <span class='ocr_line' id='line_1_62' title="bbox 111 5483 940 5559; baseline 0.007 -22"><span class='ocrx_word' id='word_1_800' title='bbox 111 5486 177 5556; x_wconf 77' lang='lat' dir='ltr'>ipso</span> <span class='ocrx_word' id='word_1_801' title='bbox 194 5484 229 5540; x_wconf 86' lang='lat' dir='ltr'>ad</span> <span class='ocrx_word' id='word_1_802' title='bbox 246 5483 343 5553; x_wconf 80' lang='lat' dir='ltr'>Caium</span> <span class='ocrx_word' id='word_1_803' title='bbox 359 5487 517 5540; x_wconf 87' lang='lat' dir='ltr'>relationem</span> <span class='ocrx_word' id='word_1_804' title='bbox 538 5485 642 5550; x_wconf 68' lang='lat' dir='ltr'>desem</span> <span class='ocrx_word' id='word_1_805' title='bbox 660 5488 766 5542; x_wconf 79' lang='lat' dir='ltr'>Mevius</span> <span class='ocrx_word' id='word_1_806' title='bbox 778 5489 887 5559; x_wconf 85' lang='lat' dir='ltr'>quidem</span> <span class='ocrx_word' id='word_1_807' title='bbox 903 5489 940 5543; x_wconf 83' lang='lat' dir='ltr'>sa·</span> 
     </span>
     <span class='ocr_line' id='line_1_63' title="bbox 112 5569 939 5641; baseline 0.004 -17"><span class='ocrx_word' id='word_1_808' title='bbox 112 5581 186 5624; x_wconf 79' lang='lat' dir='ltr'>teter</span> <span class='ocrx_word' id='word_1_809' title='bbox 202 5569 308 5641; x_wconf 86' lang='lat' dir='ltr'>aliquid</span> <span class='ocrx_word' id='word_1_810' title='bbox 327 5589 341 5622; x_wconf 84' lang='lat' dir='ltr'>a</span> <span class='ocrx_word' id='word_1_811' title='bbox 361 5587 390 5623; x_wconf 87' lang='lat' dir='ltr'>se</span> <span class='ocrx_word' id='word_1_812' title='bbox 408 5571 529 5626; x_wconf 87' lang='lat' dir='ltr'>relictum</span> <span class='ocrx_word' id='word_1_813' title='bbox 549 5587 607 5624; x_wconf 86' lang='lat' dir='ltr'>essa</span> <span class='ocrx_word' id='word_1_814' title='bbox 624 5571 669 5639; x_wconf 84' lang='lat' dir='ltr'>(et</span> <span class='ocrx_word' id='word_1_815' title='bbox 684 5571 710 5625; x_wconf 90' lang='lat' dir='ltr'>si</span> <span class='ocrx_word' id='word_1_816' title='bbox 727 5589 781 5626; x_wconf 91' lang='lat' dir='ltr'>non</span> <span class='ocrx_word' id='word_1_817' title='bbox 801 5573 939 5638; x_wconf 85' lang='lat' dir='ltr'>fateretur,</span> 
     </span>
     <span class='ocr_line' id='line_1_64' title="bbox 111 5653 939 5726; baseline 0.001 -20"><span class='ocrx_word' id='word_1_818' title='bbox 111 5664 206 5723; x_wconf 84' lang='lat' dir='ltr'>posset</span> <span class='ocrx_word' id='word_1_819' title='bbox 223 5655 257 5708; x_wconf 86' lang='lat' dir='ltr'>ed</span> <span class='ocrx_word' id='word_1_820' title='bbox 277 5656 455 5723; x_wconf 83' lang='lat' dir='ltr'>juramentum</span> <span class='ocrx_word' id='word_1_821' title='bbox 474 5653 661 5726; x_wconf 84' lang='lat' dir='ltr'>praestandam</span> <span class='ocrx_word' id='word_1_822' title='bbox 678 5655 750 5725; x_wconf 75' lang='lat' dir='ltr'>adigi</span> <span class='ocrx_word' id='word_1_823' title='bbox 770 5673 818 5726; x_wconf 89' lang='lat' dir='ltr'>per</span> <span class='ocrx_word' id='word_1_824' title='bbox 843 5659 866 5722; x_wconf 90' lang='lat'>§.</span> <span class='ocrx_word' id='word_1_825' title='bbox 890 5657 939 5711; x_wconf 86' lang='lat' dir='ltr'>ult.</span> 
     </span>
     <span class='ocr_line' id='line_1_65' title="bbox 110 5735 939 5812; baseline 0.001 -17"><span class='ocrx_word' id='word_1_826' title='bbox 110 5740 191 5795; x_wconf 78' lang='lat' dir='ltr'>sisse.</span> <span class='ocrx_word' id='word_1_827' title='bbox 200 5738 227 5796; x_wconf 80' lang='lat' dir='ltr'>d.</span> <span class='ocrx_word' id='word_1_828' title='bbox 233 5735 460 5812; x_wconf 78' lang='lat' dir='ltr'>fiderbsamu&#39;as.)</span> <span class='ocrx_word' id='word_1_829' title='bbox 471 5743 520 5798; x_wconf 86' lang='lat' dir='ltr'>sed</span> <span class='ocrx_word' id='word_1_830' title='bbox 533 5743 567 5796; x_wconf 86' lang='lat' dir='ltr'>ad</span> <span class='ocrx_word' id='word_1_831' title='bbox 579 5741 646 5812; x_wconf 74' lang='lat' dir='ltr'>legis</span> <span class='ocrx_word' id='word_1_832' title='bbox 655 5739 829 5799; x_wconf 85' lang='lat' dir='ltr'>subtilitatem</span> <span class='ocrx_word' id='word_1_833' title='bbox 848 5757 939 5796; x_wconf 86' lang='lat' dir='ltr'>recur-</span> 
     </span>
    </p>
   </div>
   <div class='ocr_carea' id='block_1_5' title="bbox 991 3962 1867 5818">
    <p class='ocr_par' dir='ltr' id='par_1_5' title="bbox 1000 3962 1821 4460">
     <span class='ocr_line' id='line_1_66' title="bbox 1001 3962 1821 4033; baseline 0 -17"><span class='ocrx_word' id='word_1_834' title='bbox 1001 3965 1056 4016; x_wconf 89' lang='lat' dir='ltr'>sola</span> <span class='ocrx_word' id='word_1_835' title='bbox 1072 3963 1151 4017; x_wconf 83' lang='lat' dir='ltr'>rerba</span> <span class='ocrx_word' id='word_1_836' title='bbox 1168 3964 1323 4030; x_wconf 71' lang='lat' dir='ltr'>absolvunt5</span> <span class='ocrx_word' id='word_1_837' title='bbox 1339 3981 1433 4018; x_wconf 88' lang='lat' dir='ltr'>manns</span> <span class='ocrx_word' id='word_1_838' title='bbox 1447 3962 1519 4018; x_wconf 88' lang='lat' dir='ltr'>euim</span> <span class='ocrx_word' id='word_1_839' title='bbox 1535 3963 1665 4033; x_wconf 86' lang='lat' dir='ltr'>porrectio</span> <span class='ocrx_word' id='word_1_840' title='bbox 1677 3963 1706 4014; x_wconf 90' lang='lat' dir='ltr'>in</span> <span class='ocrx_word' id='word_1_841' title='bbox 1719 3964 1821 4017; x_wconf 91' lang='lat' dir='ltr'>nostris</span> 
     </span>
     <span class='ocr_line' id='line_1_67' title="bbox 1002 4047 1821 4118; baseline -0.001 -18"><span class='ocrx_word' id='word_1_842' title='bbox 1002 4050 1119 4118; x_wconf 75' lang='lat' dir='ltr'>negotiis</span> <span class='ocrx_word' id='word_1_843' title='bbox 1130 4051 1228 4104; x_wconf 87' lang='lat' dir='ltr'>usitata</span> <span class='ocrx_word' id='word_1_844' title='bbox 1235 4087 1244 4114; x_wconf 89' lang='lat'>,</span> <span class='ocrx_word' id='word_1_845' title='bbox 1263 4062 1304 4103; x_wconf 90' lang='lat' dir='ltr'>est</span> <span class='ocrx_word' id='word_1_846' title='bbox 1316 4047 1482 4104; x_wconf 86' lang='lat' dir='ltr'>solummodo</span> <span class='ocrx_word' id='word_1_847' title='bbox 1496 4047 1625 4102; x_wconf 86' lang='lat' dir='ltr'>evidentis</span> <span class='ocrx_word' id='word_1_848' title='bbox 1638 4063 1780 4101; x_wconf 88' lang='lat' dir='ltr'>consensus</span> <span class='ocrx_word' id='word_1_849' title='bbox 1790 4063 1821 4100; x_wconf 90' lang='lat' dir='ltr'>ae</span> 
     </span>
     <span class='ocr_line' id='line_1_68' title="bbox 1000 4129 1819 4204; baseline 0 -18"><span class='ocrx_word' id='word_1_850' title='bbox 1000 4129 1063 4186; x_wconf 83' lang='lat' dir='ltr'>fidei</span> <span class='ocrx_word' id='word_1_851' title='bbox 1084 4135 1192 4204; x_wconf 86' lang='lat' dir='ltr'>majoris</span> <span class='ocrx_word' id='word_1_852' title='bbox 1210 4135 1329 4204; x_wconf 83' lang='lat' dir='ltr'>signum,</span> <span class='ocrx_word' id='word_1_853' title='bbox 1344 4146 1371 4189; x_wconf 92' lang='lat' dir='ltr'>ut</span> <span class='ocrx_word' id='word_1_854' title='bbox 1381 4145 1454 4188; x_wconf 92' lang='lat' dir='ltr'>recte</span> <span class='ocrx_word' id='word_1_855' title='bbox 1465 4135 1590 4188; x_wconf 87' lang='lat' dir='ltr'>Tiberius</span> <span class='ocrx_word' id='word_1_856' title='bbox 1605 4134 1736 4188; x_wconf 87' lang='lat' dir='ltr'>Decianus</span> <span class='ocrx_word' id='word_1_857' title='bbox 1749 4151 1819 4203; x_wconf 79' lang='lat' dir='ltr'>resp.</span> 
     </span>
     <span class='ocr_line' id='line_1_69' title="bbox 1003 4219 1815 4288; baseline -0.002 -16"><span class='ocrx_word' id='word_1_858' title='bbox 1003 4229 1045 4272; x_wconf 83' lang='lat' dir='ltr'>st.</span> <span class='ocrx_word' id='word_1_859' title='bbox 1060 4239 1087 4270; x_wconf 89' lang='lat' dir='ltr'>n.</span> <span class='ocrx_word' id='word_1_860' title='bbox 1103 4230 1142 4272; x_wconf 88' lang='lat' dir='ltr'>tt.</span> <span class='ocrx_word' id='word_1_861' title='bbox 1160 4221 1219 4274; x_wconf 86' lang='lat' dir='ltr'>uof.</span> <span class='ocrx_word' id='word_1_862' title='bbox 1239 4231 1263 4272; x_wconf 82' lang='lat' dir='ltr'>s.</span> <span class='ocrx_word' id='word_1_863' title='bbox 1281 4219 1378 4283; x_wconf 86' lang='lat' dir='ltr'>tradit,</span> <span class='ocrx_word' id='word_1_864' title='bbox 1399 4228 1554 4288; x_wconf 89' lang='lat' dir='ltr'>tantumque</span> <span class='ocrx_word' id='word_1_865' title='bbox 1571 4235 1599 4272; x_wconf 87' lang='lat' dir='ltr'>se</span> <span class='ocrx_word' id='word_1_866' title='bbox 1618 4227 1648 4270; x_wconf 92' lang='lat' dir='ltr'>ut</span> <span class='ocrx_word' id='word_1_867' title='bbox 1666 4235 1766 4270; x_wconf 88' lang='lat' dir='ltr'>merum</span> <span class='ocrx_word' id='word_1_868' title='bbox 1785 4235 1815 4270; x_wconf 89' lang='lat' dir='ltr'>ec</span> 
     </span>
     <span class='ocr_line' id='line_1_70' title="bbox 1000 4301 1818 4374; baseline 0.005 -20"><span class='ocrx_word' id='word_1_869' title='bbox 1000 4303 1101 4358; x_wconf 87' lang='lat' dir='ltr'>nudum</span> <span class='ocrx_word' id='word_1_870' title='bbox 1120 4304 1268 4374; x_wconf 76' lang='lat' dir='ltr'>symbolum</span> <span class='ocrx_word' id='word_1_871' title='bbox 1294 4303 1390 4370; x_wconf 83' lang='lat' dir='ltr'>hebet,</span> <span class='ocrx_word' id='word_1_872' title='bbox 1409 4305 1531 4373; x_wconf 87' lang='lat' dir='ltr'>nihilque</span> <span class='ocrx_word' id='word_1_873' title='bbox 1553 4303 1630 4356; x_wconf 87' lang='lat' dir='ltr'>addit</span> <span class='ocrx_word' id='word_1_874' title='bbox 1650 4301 1818 4358; x_wconf 87' lang='lat' dir='ltr'>substantiae</span> 
     </span>
     <span class='ocr_line' id='line_1_71' title="bbox 1000 4387 1818 4460; baseline 0.006 -23"><span class='ocrx_word' id='word_1_875' title='bbox 1000 4388 1038 4439; x_wconf 88' lang='lat' dir='ltr'>rei</span> <span class='ocrx_word' id='word_1_876' title='bbox 1058 4389 1098 4442; x_wconf 82' lang='lat' dir='ltr'>rel</span> <span class='ocrx_word' id='word_1_877' title='bbox 1115 4387 1242 4452; x_wconf 85' lang='lat' dir='ltr'>detrahit,</span> <span class='ocrx_word' id='word_1_878' title='bbox 1264 4406 1312 4442; x_wconf 89' lang='lat' dir='ltr'>nee</span> <span class='ocrx_word' id='word_1_879' title='bbox 1330 4405 1372 4442; x_wconf 88' lang='lat' dir='ltr'>res</span> <span class='ocrx_word' id='word_1_880' title='bbox 1389 4405 1421 4440; x_wconf 85' lang='lat' dir='ltr'>es</span> <span class='ocrx_word' id='word_1_881' title='bbox 1434 4405 1462 4441; x_wconf 91' lang='lat' dir='ltr'>ea</span> <span class='ocrx_word' id='word_1_882' title='bbox 1477 4387 1654 4442; x_wconf 85' lang='lat' dir='ltr'>substantiam</span> <span class='ocrx_word' id='word_1_883' title='bbox 1668 4390 1748 4460; x_wconf 87' lang='lat' dir='ltr'>capit.</span> <span class='ocrx_word' id='word_1_884' title='bbox 1761 4390 1818 4442; x_wconf 89' lang='lat' dir='ltr'>Un-</span> 
     </span>
    </p>

    <p class='ocr_par' dir='ltr' id='par_1_6' title="bbox 991 4463 1867 5818">
     <span class='ocr_line' id='line_1_72' title="bbox 1000 4463 1867 4548; baseline 0.01 -26"><span class='ocrx_word' id='word_1_885' title='bbox 1000 4469 1033 4522; x_wconf 88' lang='lat' dir='ltr'>de</span> <span class='ocrx_word' id='word_1_886' title='bbox 1051 4479 1078 4524; x_wconf 91' lang='lat' dir='ltr'>et</span> <span class='ocrx_word' id='word_1_887' title='bbox 1096 4473 1124 4524; x_wconf 90' lang='lat' dir='ltr'>in</span> <span class='ocrx_word' id='word_1_888' title='bbox 1144 4471 1321 4544; x_wconf 89' lang='lat' dir='ltr'>propinandis</span> <span class='ocrx_word' id='word_1_889' title='bbox 1346 4473 1473 4548; x_wconf 73' lang='lat' dir='ltr'>scyphis,</span> <span class='ocrx_word' id='word_1_890' title='bbox 1492 4473 1520 4526; x_wconf 89' lang='lat' dir='ltr'>in</span> <span class='ocrx_word' id='word_1_891' title='bbox 1547 4474 1704 4540; x_wconf 87' lang='lat' dir='ltr'>salutando,</span> <span class='ocrx_word' id='word_1_892' title='bbox 1729 4486 1819 4544; x_wconf 72' lang='lat' dir='ltr'>gratu·</span> <span class='ocrx_word' id='word_1_893' title='bbox 1865 4463 1867 4470; x_wconf 38' lang='lat'><strong>¹</strong></span> 
     </span>
     <span class='ocr_line' id='line_1_73' title="bbox 999 4554 1819 4630; baseline 0.004 -22"><span class='ocrx_word' id='word_1_894' title='bbox 999 4556 1094 4622; x_wconf 86' lang='lat' dir='ltr'>leudo,</span> <span class='ocrx_word' id='word_1_895' title='bbox 1113 4558 1144 4610; x_wconf 89' lang='lat' dir='ltr'>in</span> <span class='ocrx_word' id='word_1_896' title='bbox 1162 4557 1423 4612; x_wconf 76' lang='lat' dir='ltr'>confabulationibus</span> <span class='ocrx_word' id='word_1_897' title='bbox 1440 4557 1574 4612; x_wconf 88' lang='lat' dir='ltr'>amicitiae</span> <span class='ocrx_word' id='word_1_898' title='bbox 1591 4575 1623 4610; x_wconf 86' lang='lat' dir='ltr'>ec</span> <span class='ocrx_word' id='word_1_899' title='bbox 1647 4554 1712 4611; x_wconf 81' lang='lat' dir='ltr'>fidei</span> <span class='ocrx_word' id='word_1_900' title='bbox 1736 4563 1819 4630; x_wconf 78' lang='lat' dir='ltr'>gratia</span> 
     </span>
     <span class='ocr_line' id='line_1_74' title="bbox 999 4641 1820 4714; baseline 0.01 -22"><span class='ocrx_word' id='word_1_901' title='bbox 999 4643 1085 4696; x_wconf 89' lang='lat' dir='ltr'>solent</span> <span class='ocrx_word' id='word_1_902' title='bbox 1100 4645 1183 4696; x_wconf 87' lang='lat' dir='ltr'>nostri</span> <span class='ocrx_word' id='word_1_903' title='bbox 1204 4659 1310 4696; x_wconf 89' lang='lat' dir='ltr'>menum</span> <span class='ocrx_word' id='word_1_904' title='bbox 1330 4643 1509 4714; x_wconf 89' lang='lat' dir='ltr'>impressione</span> <span class='ocrx_word' id='word_1_905' title='bbox 1526 4643 1571 4697; x_wconf 90' lang='lat' dir='ltr'>uti.</span> <span class='ocrx_word' id='word_1_906' title='bbox 1589 4641 1644 4696; x_wconf 82' lang='lat' dir='ltr'>Nee</span> <span class='ocrx_word' id='word_1_907' title='bbox 1662 4641 1695 4694; x_wconf 90' lang='lat' dir='ltr'>ad</span> <span class='ocrx_word' id='word_1_908' title='bbox 1712 4660 1768 4698; x_wconf 89' lang='lat' dir='ltr'>rem</span> <span class='ocrx_word' id='word_1_909' title='bbox 1782 4647 1820 4700; x_wconf 85' lang='lat' dir='ltr'>fe-</span> 
     </span>
     <span class='ocr_line' id='line_1_75' title="bbox 997 4725 1815 4802; baseline 0.007 -27"><span class='ocrx_word' id='word_1_910' title='bbox 997 4725 1034 4776; x_wconf 91' lang='lat' dir='ltr'>cit</span> <span class='ocrx_word' id='word_1_911' title='bbox 1046 4765 1055 4792; x_wconf 91' lang='lat'>,</span> <span class='ocrx_word' id='word_1_912' title='bbox 1066 4725 1135 4796; x_wconf 91' lang='lat' dir='ltr'>quod</span> <span class='ocrx_word' id='word_1_913' title='bbox 1149 4727 1219 4780; x_wconf 90' lang='lat' dir='ltr'>hunc</span> <span class='ocrx_word' id='word_1_914' title='bbox 1231 4727 1394 4798; x_wconf 87' lang='lat' dir='ltr'>stipulamli,</span> <span class='ocrx_word' id='word_1_915' title='bbox 1408 4725 1637 4799; x_wconf 87' lang='lat' dir='ltr'>promittenslique</span> <span class='ocrx_word' id='word_1_916' title='bbox 1649 4727 1755 4783; x_wconf 89' lang='lat' dir='ltr'>modum</span> <span class='ocrx_word' id='word_1_917' title='bbox 1770 4751 1815 4802; x_wconf 85' lang='lat' dir='ltr'>np-</span> 
     </span>
     <span class='ocr_line' id='line_1_76' title="bbox 998 4810 1816 4881; baseline 0.009 -19"><span class='ocrx_word' id='word_1_918' title='bbox 998 4810 1129 4879; x_wconf 89' lang='lat' dir='ltr'>pellamua</span> <span class='ocrx_word' id='word_1_919' title='bbox 1141 4811 1267 4881; x_wconf 87' lang='lat' dir='ltr'>stipulata</span> <span class='ocrx_word' id='word_1_920' title='bbox 1282 4810 1468 4864; x_wconf 85' lang='lat' dir='ltr'>manufactam</span> <span class='ocrx_word' id='word_1_921' title='bbox 1484 4813 1729 4868; x_wconf 84' lang='lat' dir='ltr'>assertionem.Non</span> <span class='ocrx_word' id='word_1_922' title='bbox 1744 4817 1816 4870; x_wconf 90' lang='lat' dir='ltr'>enim</span> 
     </span>
     <span class='ocr_line' id='line_1_77' title="bbox 998 4895 1815 4970; baseline 0.012 -24"><span class='ocrx_word' id='word_1_923' title='bbox 998 4896 1137 4964; x_wconf 85' lang='lat' dir='ltr'>stipulatio</span> <span class='ocrx_word' id='word_1_924' title='bbox 1155 4895 1207 4949; x_wconf 91' lang='lat' dir='ltr'>ista</span> <span class='ocrx_word' id='word_1_925' title='bbox 1225 4896 1258 4949; x_wconf 86' lang='lat' dir='ltr'>ad</span> <span class='ocrx_word' id='word_1_926' title='bbox 1279 4914 1387 4948; x_wconf 89' lang='lat' dir='ltr'>manum</span> <span class='ocrx_word' id='word_1_927' title='bbox 1408 4896 1534 4961; x_wconf 87' lang='lat' dir='ltr'>refertur,</span> <span class='ocrx_word' id='word_1_928' title='bbox 1546 4917 1576 4950; x_wconf 86' lang='lat' dir='ltr'>uc</span> <span class='ocrx_word' id='word_1_929' title='bbox 1591 4897 1614 4950; x_wconf 86' lang='lat' dir='ltr'>si</span> <span class='ocrx_word' id='word_1_930' title='bbox 1629 4917 1676 4970; x_wconf 89' lang='lat' dir='ltr'>per</span> <span class='ocrx_word' id='word_1_931' title='bbox 1686 4901 1761 4954; x_wconf 87' lang='lat' dir='ltr'>illam</span> <span class='ocrx_word' id='word_1_932' title='bbox 1774 4905 1815 4957; x_wconf 89' lang='lat' dir='ltr'>sel</span> 
     </span>
     <span class='ocr_line' id='line_1_78' title="bbox 997 4977 1814 5056; baseline 0.016 -28"><span class='ocrx_word' id='word_1_933' title='bbox 997 4977 1153 5047; x_wconf 88' lang='lat' dir='ltr'>stipulentur</span> <span class='ocrx_word' id='word_1_934' title='bbox 1170 4979 1211 5031; x_wconf 85' lang='lat' dir='ltr'>sel</span> <span class='ocrx_word' id='word_1_935' title='bbox 1230 4981 1432 5050; x_wconf 83' lang='lat' dir='ltr'>promittamus,</span> <span class='ocrx_word' id='word_1_936' title='bbox 1452 4981 1498 5033; x_wconf 91' lang='lat' dir='ltr'>sed</span> <span class='ocrx_word' id='word_1_937' title='bbox 1516 4981 1586 5052; x_wconf 88' lang='lat' dir='ltr'>qnotl</span> <span class='ocrx_word' id='word_1_938' title='bbox 1605 4983 1743 5056; x_wconf 89' lang='lat' dir='ltr'>stipulanti</span> <span class='ocrx_word' id='word_1_939' title='bbox 1756 5003 1814 5040; x_wconf 84' lang='lat' dir='ltr'>eum</span> 
     </span>
     <span class='ocr_line' id='line_1_79' title="bbox 997 5063 1815 5144; baseline 0.016 -28"><span class='ocrx_word' id='word_1_940' title='bbox 997 5063 1114 5134; x_wconf 76' lang='lat' dir='ltr'>porrigit</span> <span class='ocrx_word' id='word_1_941' title='bbox 1131 5065 1277 5135; x_wconf 85' lang='lat' dir='ltr'>promissor</span> <span class='ocrx_word' id='word_1_942' title='bbox 1292 5067 1398 5138; x_wconf 87' lang='lat' dir='ltr'>majoris</span> <span class='ocrx_word' id='word_1_943' title='bbox 1411 5069 1583 5122; x_wconf 87' lang='lat' dir='ltr'>certitudinis</span> <span class='ocrx_word' id='word_1_944' title='bbox 1593 5088 1623 5122; x_wconf 87' lang='lat' dir='ltr'>ae</span> <span class='ocrx_word' id='word_1_945' title='bbox 1635 5067 1700 5126; x_wconf 87' lang='lat' dir='ltr'>fidei</span> <span class='ocrx_word' id='word_1_946' title='bbox 1712 5077 1815 5144; x_wconf 60' lang='lat' dir='ltr'>gratim</span> 
     </span>
     <span class='ocr_line' id='line_1_80' title="bbox 995 5151 1814 5230; baseline 0.013 -30"><span class='ocrx_word' id='word_1_947' title='bbox 995 5159 1023 5204; x_wconf 91' lang='lat' dir='ltr'>nt</span> <span class='ocrx_word' id='word_1_948' title='bbox 1038 5159 1167 5220; x_wconf 86' lang='lat' dir='ltr'>appareat</span> <span class='ocrx_word' id='word_1_949' title='bbox 1184 5167 1213 5203; x_wconf 91' lang='lat' dir='ltr'>se</span> <span class='ocrx_word' id='word_1_950' title='bbox 1225 5160 1253 5203; x_wconf 91' lang='lat' dir='ltr'>et</span> <span class='ocrx_word' id='word_1_951' title='bbox 1265 5151 1409 5208; x_wconf 89' lang='lat' dir='ltr'>deliberato</span> <span class='ocrx_word' id='word_1_952' title='bbox 1423 5153 1512 5209; x_wconf 88' lang='lat' dir='ltr'>auimo</span> <span class='ocrx_word' id='word_1_953' title='bbox 1526 5157 1698 5227; x_wconf 88' lang='lat' dir='ltr'>promittere,</span> <span class='ocrx_word' id='word_1_954' title='bbox 1710 5170 1735 5213; x_wconf 91' lang='lat' dir='ltr'>et</span> <span class='ocrx_word' id='word_1_955' title='bbox 1745 5159 1814 5230; x_wconf 88' lang='lat' dir='ltr'>quod</span> 
     </span>
     <span class='ocr_line' id='line_1_81' title="bbox 995 5232 1803 5301; baseline 0.019 -20"><span class='ocrx_word' id='word_1_956' title='bbox 995 5248 1043 5301; x_wconf 91' lang='lat' dir='ltr'>per</span> <span class='ocrx_word' id='word_1_957' title='bbox 1060 5232 1182 5284; x_wconf 83' lang='lat' dir='ltr'>dextram</span> <span class='ocrx_word' id='word_1_958' title='bbox 1201 5251 1275 5286; x_wconf 87' lang='lat' dir='ltr'>suam</span> <span class='ocrx_word' id='word_1_959' title='bbox 1295 5232 1375 5289; x_wconf 85' lang='lat' dir='ltr'>iidem</span> <span class='ocrx_word' id='word_1_960' title='bbox 1395 5235 1489 5290; x_wconf 88' lang='lat' dir='ltr'>fallere</span> <span class='ocrx_word' id='word_1_961' title='bbox 1507 5240 1586 5291; x_wconf 82' lang='lat' dir='ltr'>notit.</span> <span class='ocrx_word' id='word_1_962' title='bbox 1604 5238 1653 5294; x_wconf 84' lang='lat' dir='ltr'>Est</span> <span class='ocrx_word' id='word_1_963' title='bbox 1670 5241 1744 5292; x_wconf 83' lang='lat' dir='ltr'>enirn</span> <span class='ocrx_word' id='word_1_964' title='bbox 1769 5243 1803 5297; x_wconf 85' lang='lat' dir='ltr'>de</span> 
     </span>
     <span class='ocr_line' id='line_1_82' title="bbox 995 5311 1813 5391; baseline 0.016 -24"><span class='ocrx_word' id='word_1_965' title='bbox 995 5328 1050 5369; x_wconf 83' lang='lat' dir='ltr'>xtra</span> <span class='ocrx_word' id='word_1_966' title='bbox 1069 5311 1133 5367; x_wconf 84' lang='lat' dir='ltr'>fidei</span> <span class='ocrx_word' id='word_1_967' title='bbox 1153 5334 1235 5372; x_wconf 86' lang='lat' dir='ltr'>sacre.</span> <span class='ocrx_word' id='word_1_968' title='bbox 1255 5318 1333 5388; x_wconf 84' lang='lat' dir='ltr'>Quod</span> <span class='ocrx_word' id='word_1_969' title='bbox 1352 5317 1399 5386; x_wconf 84' lang='lat' dir='ltr'>lit,</span> <span class='ocrx_word' id='word_1_970' title='bbox 1417 5331 1447 5374; x_wconf 89' lang='lat' dir='ltr'>ut</span> <span class='ocrx_word' id='word_1_971' title='bbox 1461 5331 1489 5374; x_wconf 89' lang='lat' dir='ltr'>et</span> <span class='ocrx_word' id='word_1_972' title='bbox 1497 5323 1642 5391; x_wconf 86' lang='lat' dir='ltr'>juramenti</span> <span class='ocrx_word' id='word_1_973' title='bbox 1662 5325 1718 5378; x_wconf 89' lang='lat' dir='ltr'>loco</span> <span class='ocrx_word' id='word_1_974' title='bbox 1732 5325 1813 5380; x_wconf 88' lang='lat' dir='ltr'>soleat</span> 
     </span>
     <span class='ocr_line' id='line_1_83' title="bbox 993 5399 1810 5479; baseline 0.011 -26"><span class='ocrx_word' id='word_1_975' title='bbox 993 5399 1114 5454; x_wconf 87' lang='lat' dir='ltr'>adhiberi</span> <span class='ocrx_word' id='word_1_976' title='bbox 1130 5419 1254 5456; x_wconf 83' lang='lat' dir='ltr'>manuum</span> <span class='ocrx_word' id='word_1_977' title='bbox 1267 5405 1402 5476; x_wconf 72' lang='lat' dir='ltr'>persertim</span> <span class='ocrx_word' id='word_1_978' title='bbox 1415 5409 1463 5458; x_wconf 86' lang='lat' dir='ltr'>mit</span> <span class='ocrx_word' id='word_1_979' title='bbox 1474 5406 1810 5479; x_wconf 58' lang='lat' dir='ltr'>HundgegebenerJTreue</span> 
     </span>
     <span class='ocr_line' id='line_1_84' title="bbox 993 5485 1812 5557; baseline 0.009 -17"><span class='ocrx_word' id='word_1_980' title='bbox 993 5505 1032 5540; x_wconf 85' lang='lat' dir='ltr'>nn</span> <span class='ocrx_word' id='word_1_981' title='bbox 1053 5485 1145 5557; x_wconf 76' lang='lat' dir='ltr'>Eydes</span> <span class='ocrx_word' id='word_1_982' title='bbox 1168 5499 1247 5554; x_wconf 84' lang='lat' dir='ltr'>atntt,</span> <span class='ocrx_word' id='word_1_983' title='bbox 1263 5491 1317 5543; x_wconf 77' lang='lat' dir='ltr'>sit.</span> <span class='ocrx_word' id='word_1_984' title='bbox 1335 5490 1438 5545; x_wconf 84' lang='lat' dir='ltr'>Goedd.</span> <span class='ocrx_word' id='word_1_985' title='bbox 1456 5493 1483 5546; x_wconf 84' lang='lat' dir='ltr'>d.</span> <span class='ocrx_word' id='word_1_986' title='bbox 1506 5494 1634 5548; x_wconf 82' lang='lat' dir='ltr'>contrait.</span> <span class='ocrx_word' id='word_1_987' title='bbox 1657 5503 1684 5547; x_wconf 85' lang='lat' dir='ltr'>et</span> <span class='ocrx_word' id='word_1_988' title='bbox 1695 5497 1812 5548; x_wconf 83' lang='lat' dir='ltr'>commit.</span> 
     </span>
     <span class='ocr_line' id='line_1_85' title="bbox 991 5573 1812 5652; baseline 0.015 -30"><span class='ocrx_word' id='word_1_989' title='bbox 991 5573 1081 5642; x_wconf 75' lang='lat' dir='ltr'>respui.</span> <span class='ocrx_word' id='word_1_990' title='bbox 1092 5591 1150 5648; x_wconf 84' lang='lat' dir='ltr'>cop.</span> <span class='ocrx_word' id='word_1_991' title='bbox 1166 5586 1189 5628; x_wconf 83' lang='lat' dir='ltr'>t.</span> <span class='ocrx_word' id='word_1_992' title='bbox 1203 5596 1231 5629; x_wconf 79' lang='lat' dir='ltr'>n.</span> <span class='ocrx_word' id='word_1_993' title='bbox 1249 5585 1307 5630; x_wconf 81' lang='lat' dir='ltr'>tes.</span> <span class='ocrx_word' id='word_1_994' title='bbox 1326 5577 1365 5630; x_wconf 81' lang='lat' dir='ltr'>En</span> <span class='ocrx_word' id='word_1_995' title='bbox 1386 5577 1428 5632; x_wconf 89' lang='lat' dir='ltr'>his</span> <span class='ocrx_word' id='word_1_996' title='bbox 1448 5595 1510 5649; x_wconf 69' lang='lat' dir='ltr'>erqo</span> <span class='ocrx_word' id='word_1_997' title='bbox 1528 5593 1651 5652; x_wconf 87' lang='lat' dir='ltr'>apparet,</span> <span class='ocrx_word' id='word_1_998' title='bbox 1666 5581 1746 5632; x_wconf 90' lang='lat' dir='ltr'>illum</span> <span class='ocrx_word' id='word_1_999' title='bbox 1765 5583 1812 5652; x_wconf 92' lang='lat' dir='ltr'>qui</span> 
     </span>
     <span class='ocr_line' id='line_1_86' title="bbox 991 5662 1811 5736; baseline 0.01 -26"><span class='ocrx_word' id='word_1_1000' title='bbox 991 5670 1130 5728; x_wconf 86' lang='lat' dir='ltr'>superatus</span> <span class='ocrx_word' id='word_1_1001' title='bbox 1147 5671 1188 5716; x_wconf 87' lang='lat' dir='ltr'>eat</span> <span class='ocrx_word' id='word_1_1002' title='bbox 1206 5662 1236 5714; x_wconf 89' lang='lat' dir='ltr'>in</span> <span class='ocrx_word' id='word_1_1003' title='bbox 1255 5664 1413 5734; x_wconf 87' lang='lat' dir='ltr'>sponsione,</span> <span class='ocrx_word' id='word_1_1004' title='bbox 1432 5681 1485 5718; x_wconf 89' lang='lat' dir='ltr'>non</span> <span class='ocrx_word' id='word_1_1005' title='bbox 1498 5681 1575 5735; x_wconf 88' lang='lat' dir='ltr'>posse</span> <span class='ocrx_word' id='word_1_1006' title='bbox 1587 5665 1637 5718; x_wconf 88' lang='lat' dir='ltr'>hac</span> <span class='ocrx_word' id='word_1_1007' title='bbox 1654 5667 1811 5736; x_wconf 80' lang='lat' dir='ltr'>exceptione</span> 
     </span>
     <span class='ocr_line' id='line_1_87' title="bbox 991 5745 1812 5818; baseline 0.007 -19"><span class='ocrx_word' id='word_1_1008' title='bbox 991 5745 1028 5799; x_wconf 83' lang='lat' dir='ltr'>uta·</span> <span class='ocrx_word' id='word_1_1009' title='bbox 1043 5745 1073 5802; x_wconf 88' lang='lat' dir='ltr'>in</span> <span class='ocrx_word' id='word_1_1010' title='bbox 1086 5746 1127 5802; x_wconf 89' lang='lat' dir='ltr'>aui</span> <span class='ocrx_word' id='word_1_1011' title='bbox 1138 5747 1320 5804; x_wconf 76' lang='lat' dir='ltr'>defensionem</span> <span class='ocrx_word' id='word_1_1012' title='bbox 1332 5772 1342 5818; x_wconf 61' lang='grc' dir='ltr'><strong>ς</strong></span> <span class='ocrx_word' id='word_1_1013' title='bbox 1353 5751 1425 5806; x_wconf 78' lang='lat' dir='ltr'>Burs</span> <span class='ocrx_word' id='word_1_1014' title='bbox 1442 5748 1488 5805; x_wconf 74' lang='lat' dir='ltr'>dae</span> <span class='ocrx_word' id='word_1_1015' title='bbox 1504 5749 1620 5806; x_wconf 84' lang='lat' dir='ltr'>Huende</span> <span class='ocrx_word' id='word_1_1016' title='bbox 1643 5752 1713 5806; x_wconf 84' lang='lat' dir='ltr'>nocis</span> <span class='ocrx_word' id='word_1_1017' title='bbox 1737 5752 1812 5806; x_wconf 77' lang='lat' dir='ltr'>nieles</span> 
     </span>
    </p>
   </div>
   <div class='ocr_carea' id='block_1_6' title="bbox 0 0 2202 6285">
    <p class='ocr_par' dir='ltr' id='par_1_7' title="bbox 0 0 2202 6285">
     <span class='ocr_line' id='line_1_88' title="bbox 0 0 2202 6285; baseline 0 0"><span class='ocrx_word' id='word_1_1018' title='bbox 0 0 2202 6285; x_wconf 95' lang='lat' dir='ltr'> </span> 
     </span>
    </p>
   </div>
  </div>
 </body>
</html>
