4418 6266
1 1561 9 1614 l

220 291 274 362 549
447 281 496 336 DE
514 278 610 335 JURE
629 267 876 328 uuausuuutau
895 263 1001 322 ctttca
1022 265 1136 322 AC'l'US
1155 259 1321 320 titulatas:
1339 255 1576 316 VOLUNTleS.
1750 251 1802 308 uss

41 427 60 454 ⁸
123 390 140 438 s
167 387 233 440 Esto
252 397 319 454 ergo
339 391 418 432 casos
438 389 465 428 s.
480 391 506 443 g·
520 381 675 426 testatorem
689 366 761 438 apud
774 365 878 417 Turcss
890 363 989 432 degen-

170 482 224 524 tem
245 475 270 520 et
289 467 318 518 iu
338 477 424 533 agone
446 459 640 517 constitutum,
660 469 752 508 corum
766 451 872 502 notario
884 455 908 498 et
923 448 990 500 duo·

170 553 224 606 bns
243 548 360 602 testibus
378 545 413 598 de
431 543 511 596 bonis
529 539 585 592 suis
605 536 784 606 disposuisse.
801 531 940 584 Defuncto
952 541 991 584 te-

171 644 273 689 statore
291 631 388 684 baeres
401 628 499 697 repetit
511 623 581 674 bona
602 631 677 673 extra
691 618 821 672 'turciam
833 617 898 668 sitas
909 615 991 666 dene·

173 729 250 790 gatar
264 715 291 768 id
304 715 359 786 ipsi
374 728 409 763 ex
424 711 547 773 ratione,
560 705 632 776 quod
646 712 741 756 statuta
754 703 855 754 turcica
869 701 921 751 sint
932 699 993 750 stri-

173 799 308 854 ctissimas
327 793 578 864 interpretationis,
596 806 646 840 nec
662 797 736 840 extra
748 785 849 836 limites
860 780 994 842 l'nrciac,

172 884 280 938 ratione
306 877 476 941 testamenti,
504 883 672 946 operentur,
698 873 718 923 l.
735 867 777 940 ff
802 869 836 922 de
853 865 992 936 jurisdicr.

127 975 141 1024 9
173 964 325 1034 Quaeritur
343 978 377 1015 su
396 958 493 1015 reete?
512 955 701 1012 communiter
722 963 746 1006 et
765 969 831 1004 sere
850 951 902 1002 hoc
915 967 995 1020 nega·

173 1059 227 1104 ιιι.
245 1044 381 1100 Effectum
400 1046 472 1098 enim
492 1041 544 1094 hoc
562 1049 750 1093 testamentum
774 1036 887 1088 omniuo
914 1037 993 1088 etiarn

176 1141 253 1186 extra
263 1131 395 1184 Tusciam
408 1127 601 1196 consequitur,
616 1125 743 1194 quoniam
757 1121 879 1173 validum
894 1130 919 1173 et
931 1120 996 1188 legi-

174 1219 241 1272 time
255 1216 414 1271 conlectum
430 1224 471 1267 est
485 1217 511 1265 in
526 1214 605 1276 loco,
618 1209 664 1262 ubi
678 1218 925 1278 testatorpraeseua
939 1203 998 1267 luit,

176 1315 201 1358 et
218 1312 360 1365 mortuus,
376 1299 433 1354 vid.
448 1297 525 1350 Gall.
538 1298 559 1350 1.
574 1312 601 1348 a.
615 1296 673 1348 obs.
690 1294 749 1346 123.
764 1313 793 1348 a.
816 1309 839 1344 ι.
860 1290 996 1359 Carpzos.

172 1407 200 1458 p.
216 1385 242 1438 5.
257 1405 281 1442 c.
296 1385 321 1442 5.
333 1381 392 1456 defi
410 1397 452 1437 sa.
464 1382 557 1436 Strui.
574 1397 663 1462 excep.
678 1377 719 1433 δι.
735 1375 760 1449 5
783 1379 827 1430 ι5.
848 1375 995 1430 Christian.

175 1474 232 1528 vot.
248 1488 271 1522 ι.
285 1469 344 1524 dec.
360 1483 422 1520 aoo.
438 1486 467 1521 n.
484 1463 526 1518 36.
541 1462 765 1518 contral'scbin.
779 1463 799 1514 t.
821 1461 845 1514 5.
865 1471 955 1514 contr.
974 1476 998 1512 c.

177 1573 222 1630 qo.
234 1557 339 1608 Eseres
353 1568 419 1621 ergo
434 1553 504 1618 juste
518 1551 654 1602 institutus
665 1547 793 1600 succedat
806 1555 829 1598 et
840 1548 867 1598 ia
882 1546 942 1597 aliis
951 1543 998 1595 bo·

175 1642 218 1692 uis
231 1637 298 1690 alibi
311 1637 369 1689 sitis
383 1650 492 1688 necesse
507 1643 561 1692 ests
577 1633 660 1684 aliter
679 1632 753 1684 eninr
772 1645 827 1680 nou
849 1638 918 1682 esset
937 1644 1000 1679 suc·

183 1719 406 1774 ceuoromniuna
416 1717 570 1780 bonorum,
586 1713 643 1766 rid.
656 1713 808 1766 Brunneru.
820 1713 859 1766 ad
876 1709 999 1768 nerent.

1041 373 1130 416 actum
1144 372 1302 414 extraneum
1316 361 1375 424 rel,
1389 357 1462 426 quod
1475 355 1521 406 liic
1531 351 1593 404 'lere
1605 347 1746 416 coincidit,
1761 348 1857 401 absen-

1040 448 1105 498 tiam
1119 455 1193 499 creet
1212 455 1308 496 natura
1327 453 1372 496 aut
1391 439 1555 502 necessitas,
1574 431 1605 488 sl.
1628 435 1647 486 l.
1667 431 1711 484 28.
1733 431 1789 484 sid.
1809 431 1856 482 du.

1040 535 1189 587 Brnnnem.
1204 532 1242 584 ad
1253 533 1272 584 l.
1285 529 1328 581 au.
1344 529 1406 598 quia
1420 523 1625 576 continuitatem
1640 533 1694 568 non
1713 515 1861 570 interrum-

1044 630 1112 689 punt
1125 628 1199 671 aetus
1212 613 1379 680 necessarii,
1398 612 1485 680 Barry
1504 609 1537 663 de
1547 623 1661 664 success.
1680 605 1701 657 t.
1723 619 1747 654 ι.
1768 603 1811 654 tit.
1835 617 1857 652 ι.

1041 723 1070 758 n.
1091 703 1134 773 37.

1077 785 1283 844 Extendendnm
1297 782 1351 835 hoc
1365 779 1458 836 itidem
1473 787 1512 832 est
1525 777 1558 828 ad
1572 771 1712 836 judicialia
1722 777 1864 824 testamen·
1902 769 1930 822 ¹7

1046 885 1087 942 ta,
1102 891 1189 944 quae,
1203 872 1267 922 licet
1281 865 1425 935 ursigniter
1437 859 1614 932 pririlegiata
1629 869 1688 908 esse
1702 861 1821 916 constet,
1838 857 1863 900 et

1045 975 1155 1012 omnem
1167 953 1366 1008 solemnitatem
1381 954 1526 1018 respuant,
1540 952 1569 995 nt
1582 940 1717 994 facillimo
1730 938 1864 990 etiamne·

1046 1045 1122 1113 gotio
1137 1041 1235 1094 confici
1249 1036 1367 1110 possint,
1382 1049 1435 1084 non
1455 1041 1543 1084 tamen
1565 1033 1693 1097 poterunt
1712 1023 1771 1076 sins
1789 1035 1865 1090 pras·

1045 1130 1130 1182 sentia
1143 1127 1240 1180 tutoris
1253 1138 1332 1177 suurn
1344 1119 1468 1172 valorem
1484 1111 1616 1180 consequi
1630 1154 1636 1174 ,
1648 1111 1784 1180 carpens·
1795 1125 1823 1176 p.
1838 1103 1864 1156 3.

1046 1229 1071 1265 c.
1087 1213 1111 1265 3.
1126 1205 1180 1274 del.
1198 1209 1239 1262 ¹3.
1254 1227 1282 1261 n.
1302 1221 1341 1260 aa.
1355 1200 1450 1271 etdest
1463 1197 1507 1252 23.
1522 1215 1551 1250 n.
1568 1213 1591 1252 ι.
1606 1196 1675 1248 Cum
1688 1193 1800 1246 remissa
1820 1205 1865 1240 so·

1049 1297 1103 1348 lum
1129 1295 1256 1347 viileatur
1280 1290 1387 1344 testium
1412 1281 1586 1354 praesentia,
1613 1279 1634 1331 1.
1662 1277 1793 1330 omnium.
1824 1291 1862 1345 tq.

1047 1398 1070 1432 a.
1084 1379 1117 1432 de
1130 1389 1237 1433 testnm.
1258 1383 1284 1425 et
1303 1371 1405 1424 ibidem
1426 1367 1471 1419 dn.
1491 1365 1643 1416 Brunnem·
1661 1377 1724 1414 cum
1741 1357 1826 1429 alleg.
1847 1359 1868 1410 l.

1047 1467 1200 1521 sancimus.
1214 1476 1261 1530 27.
1272 1477 1297 1512 c.
1310 1457 1370 1512 eod·
1386 1459 1405 1509 l.
1420 1456 1448 1508 iu
1462 1449 1607 1505 donation.
1623 1445 1666 1500 31.
1680 1463 1702 1500 c.
1717 1441 1754 1496 de
1767 1440 1867 1496 donat.

1049 1550 1124 1600 ltler.
1139 1547 1230 1616 adjus
1245 1544 1331 1598 labec.
1344 1559 1370 1610 p.
1385 1545 1441 1591 at.
1458 1551 1483 1587 ι.
1496 1546 1552 1588 art.
1565 1547 1592 1584 a.
1614 1549 1643 1585 n.
1664 1545 1709 1600 ιι,
1728 1524 1793 1580 vid.
1813 1527 1870 1580 Co·

1050 1649 1123 1686 sarr.
1137 1645 1158 1685 r.
1175 1649 1200 1682 ι.
1213 1649 1241 1698 p.
1256 1645 1282 1680 a.
1297 1645 1326 1680 n.
1340 1645 1366 1694 9.
1381 1625 1414 1678 de
1428 1633 1538 1676 testum.
1558 1616 1605 1686 qui
1625 1614 1695 1666 bane
1709 1613 1869 1681 opinionem

1049 1717 1116 1769 dicit
1129 1730 1188 1767 esse
1201 1725 1391 1773 communem,
1406 1715 1519 1758 auctore
1532 1703 1627 1756 Sociu.
1641 1715 1716 1754 cons.
1734 1696 1794 1750 138.
1813 1696 1867 1748 cal.

1905 1081 1935 1132 ιδ

178 1803 226 1874 qui
235 1800 413 1872 tertam.sac.
426 1818 452 1870 q.
465 1815 509 1852 ao.
523 1807 549 1851 et
557 1796 604 1870 jaas
614 1807 687 1866 prat.
704 1799 722 1850 l.
735 1797 791 1848 5.r.
804 1807 889 1872 nart-
899 1793 960 1865 45.
971 1793 997 1858 l·
1042 1801 1072 1870 fi
1090 1817 1113 1852 ι.
1128 1800 1186 1856 vol.
1204 1797 1260 1848 vid.
1276 1813 1327 1864 pro
1339 1804 1364 1847 ct
1377 1803 1471 1844 contra
1487 1789 1620 1855 allegatos
1640 1783 1668 1836 in
1687 1785 1823 1852 carpzov.
1841 1799 1868 1848 p.

117 1892 147 1928 ¹⁰
217 1885 461 1958 Praesuppuoendi
475 1895 565 1934 tamen
580 1879 714 1949 ejusmodi
728 1884 877 1931 casussunt
889 1893 1002 1928 cuture·
1053 1885 1078 1936 3,
1093 1904 1116 1936 0.
1134 1883 1305 1937 3,ᾱ,ιι,η,
1327 1879 1352 1932 3,
1371 1891 1400 1932 es
1417 1894 1490 1948 seqq,
1505 1870 1689 1940 Quamobrem
1705 1865 1872 1922 concluden-
1911 1872 1942 1924 ¹9

184 1973 346 2036 strictione,
359 1972 382 2022 si
401 1971 456 2023 tale
473 1971 516 2037 jus
538 1974 694 2036 praesentes
714 1962 855 2034 peregrini
875 1959 1000 2014 habeant.

118 2061 146 2094 ⁸¹
184 2057 316 2126 Quemvis
328 2054 480 2108 animalias
494 2049 657 2120 regulariter
678 2047 764 2101 libera
783 2044 943 2115 disponendi
965 2041 1003 2093 la-

186 2143 273 2194 cultas
285 2141 353 2193 adeo
370 2137 503 2192 usturalis
522 2137 556 2187 sit
575 2132 610 2184 ad
630 2141 745 2184 mortem
765 2147 868 2198 usque,
889 2137 915 2180 nt
936 2127 1003 2180 haec

187 2227 354 2297 nequidem
374 2223 409 2278 ab
429 2224 492 2294 ipso
511 2221 658 2292 principe,
678 2219 725 2288 qui
745 2219 899 2274 soluutstes
918 2211 1006 2264 bomi-

186 2329 253 2365 num
271 2311 367 2364 audire
383 2307 479 2372 debet,
499 2321 554 2358 nou
573 2303 688 2375 jubere,
708 2303 826 2372 t.19.c.
845 2299 877 2352 de
895 2309 1003 2352 testam.

183 2397 270 2466 possit
289 2392 409 2457 auferri,
429 2393 546 2444 Cossrr.
564 2388 600 2444 de
618 2397 723 2444 testam.
743 2398 763 2438 r.
787 2401 809 2440 ι.
828 2403 852 2453 p,
874 2396 901 2435 a.
921 2400 948 2437 a.
977 2399 1000 2432 ι.

180 2499 223 2550 pr.
244 2480 310 2532 istst.
328 2479 361 2532 de
379 2477 399 2530 l·
409 2475 471 2548 susi
482 2494 500 2529 rs
517 2491 582 2527 cun.
601 2475 663 2526 toll.
682 2471 761 2521 Grot·
779 2470 812 2522 de
823 2469 889 2539 jure
901 2464 928 2518 b.
942 2480 1002 2528 etp.

184 2565 205 2615 l.
225 2581 252 2616 a.
272 2583 296 2620 c.
318 2560 343 2613 5.
363 2560 389 2636 5.
413 2560 455 2626 ιζ.
476 2559 523 2627 qui
544 2563 701 2609 testamenta
713 2551 823 2604 deducit
837 2565 870 2600 ex
882 2547 1005 2598 dominio

188 2658 214 2700 et
234 2649 292 2715 ejus
311 2654 459 2717 potestate,
478 2642 535 2695 sid.
555 2641 668 2710 insuper
687 2639 782 2692 sarus.
804 2650 896 2689 exerc.
916 2631 959 2687 32.
978 2630 1004 2704 5.

185 2731 211 2784 3.
224 2750 266 2798 pr.
286 2737 311 2784 et
329 2726 434 2784 ibidem
453 2727 537 2798 alleg.
551 2735 644 2778 sextas
655 2733 682 2776 et
695 2733 824 2774 ιιιιιιοιει.
839 2717 912 2769 uine
925 2718 1003 2768 nullo

185 2817 266 2868 etiam
281 2823 361 2884 pacto
376 2812 486 2864 libertas
501 2808 569 2860 haec
583 2806 706 2870 tollitur,
720 2803 793 2873 quod
806 2801 1003 2871 turpitudinem

179 2901 235 2956 tale
246 2899 313 2968 quid
328 2897 443 2961 inierat,
458 2897 478 2948 l.
491 2906 603 2963 pactum
615 2891 695 2962 quod·
710 2891 736 2942 5.
748 2905 774 2944 c.
788 2887 896 2956 depact.
906 2886 926 2937 l·
939 2886 1003 2937 trae·

180 2984 295 3044 reditas.
310 2985 336 3040 5.
349 3004 375 3040 c·
386 2979 424 3036 de
434 2993 509 3048 pact.
523 2995 606 3032 conv·
618 2978 638 3029 t.
650 2967 1000 3044 r.depertr.tamc1.ttatt.

5 3058 7 3072 ¹
110 3079 145 3114 ¹²
184 3077 203 3130 t.
225 3090 252 3130 ι,
271 3075 377 3128 observ.
394 3067 453 3122 ιιῦ.
468 3086 498 3120 u.
516 3082 541 3115 ι.
556 3061 673 3116 Cosarr.
686 3061 731 3113 itit.
747 3059 766 3112 l.
788 3075 817 3109 n·
838 3074 863 3126 7.
883 3053 910 3107 8.
929 3051 1002 3106 att·-

183 3177 245 3214 uaen
265 3158 439 3212 verissimum
460 3161 485 3204 et
504 3150 567 3201 luce
586 3143 737 3199 meridiana
757 3140 860 3193 clarius
880 3150 932 3204 est,
950 3145 1001 3190 sta·

182 3255 241 3301 tuto
260 3255 284 3298 et
303 3245 365 3310 iure
383 3237 499 3292 civitatis
519 3233 635 3307 proprio
654 3230 725 3282 hanc
744 3235 903 3298 potestatem
923 3239 1001 3294 prae·

110 3313 144 3366 ¹3
162 3335 163 3340 ’
183 3327 305 3382 sentibus
326 3321 441 3376 advenis
459 3319 539 3371 adimi
560 3331 655 3387 posse:
676 3321 808 3365 testentur
827 3310 854 3362 id
873 3307 999 3376 exempta

185 3415 212 3467 in
232 3411 348 3472 linasia,
367 3405 509 3470 Tartesia,
527 3401 642 3466 Tuscia,
662 3399 772 3468 buglis,
784 3396 863 3448 ltalia
876 3403 902 3446 et
915 3393 1001 3464 potis·

182 3499 282 3551 simum
302 3495 329 3545 iu
348 3487 455 3556 Gallia,
475 3485 521 3538 nbi
539 3485 624 3538 libera
637 3481 752 3536 testandi
769 3479 944 3532 lacultasnon
960 3479 1000 3528 ui·

184 3585 206 3635 si
227 3579 308 3634 certis
329 3585 354 3629 et
372 3571 553 3646 privilegiatis
567 3577 605 3622 est
619 3567 769 3636 permissae
783 3566 822 3616 sic
836 3561 963 3615 studiosis
975 3570 1001 3614 et

185 3661 384 3720 mercatoribus
402 3659 456 3710 hoe
476 3657 503 3708 in
518 3654 610 3724 specie
623 3653 785 3720 permissum
800 3658 852 3712 eat,
868 3647 916 3715 qui
930 3661 1001 3698 mer·

184 3761 260 3805 catus
271 3747 449 3819 parisienses,
461 3738 644 3809 lugdunenses
658 3745 684 3787 et
696 3733 860 3802 Campaniae
874 3729 1002 3800 frequen·

182 3845 243 3887 tare
261 3833 367 3896 solent,
386 3843 437 3879 nec
449 3839 504 3875 nou
517 3821 710 3872 Helvetiorum
720 3815 891 3870 centonibus
898 3858 907 3882 ,
920 3825 946 3868 et
958 3815 1004 3868 de·

183 3923 268 3986 nique
288 3912 403 3981 buglis,
422 3911 470 3978 qui
491 3906 544 3958 boc
563 3905 672 3954 domum
693 3917 764 3954 anno
787 3901 864 3956 1655.
887 3918 938 3970 per
957 3920 1004 3972 pa·

183 4001 366 4054 vilicationem
378 3989 600 4061 arigio-gallicam
614 3986 647 4040 de
661 3983 892 4038 ann01655.Art.
910 4002 1004 4057 r.spe·

188 4086 252 4138 ciali
272 4087 385 4136 tractatu
404 4086 466 4128 sunt
485 4071 666 4140 consequuti,
684 4069 742 4124 sid.
763 4070 809 4122 dn.
828 4070 960 4124 liecman.
974 4073 1003 4126 in

100 4165 139 4229 ιζ
183 4169 253 4222 med.
271 4167 326 4234 pol.
346 4181 370 4216 c.
394 4161 437 4212 32.
458 4159 483 4233 5.
508 4173 549 4210 ιι.
562 4157 640 4211 circo
650 4159 710 4229 fin.
724 4155 835 4224 Reliqui
851 4165 940 4208 autem
954 4155 1004 4209 ibi-

186 4258 248 4308 dem
268 4253 407 4312 siseutes,
428 4249 465 4298 nti
486 4239 557 4313 apud
575 4241 714 4294 Romanos
734 4239 801 4291 olim
821 4237 924 4306 Latini,
945 4240 1004 4293 sire

186 4338 356 4391 devictarum
377 4330 507 4384 Gentium
527 4326 670 4390 colonise,
689 4339 805 4394 quarum
824 4321 1003 4377 delectionem

189 4422 278 4474 adhuc
299 4416 456 4472 metuebant
474 4411 609 4476 Romani,
627 4417 756 4480 possunt,
778 4407 869 4476 quoad
896 4411 1002 4478 eluunt,

187 4509 269 4575 plene
282 4517 364 4575 agere
376 4511 400 4552 et
412 4497 534 4570 perlecto
544 4496 579 4548 de
593 4495 673 4549 bonis
687 4496 743 4547 suis
756 4493 904 4562 disponere
918 4509 1005 4564 nsque

187 4593 220 4644 ad
242 4600 373 4654 mortem,
392 4586 449 4640 sid.
469 4585 487 4640 l.
509 4603 556 4638 nn.
576 4601 601 4636 c·
620 4583 653 4638 de
665 4585 716 4636 lat.
730 4579 821 4636 libert.
835 4582 896 4636 toll.
911 4583 1003 4636 Morte

188 4687 256 4729 sero
276 4683 368 4728 secute
387 4672 468 4724 liaeus
489 4668 580 4719 omnia
600 4667 714 4719 illorum
733 4665 806 4718 bona
818 4677 953 4736 tamqnam
967 4668 1003 4719 si-

187 4761 216 4814 bi
236 4758 288 4812 soli
308 4756 420 4828 propria
440 4762 573 4822 occtapat,
590 4751 879 4819 jore-quouspeetatt
893 4753 1004 4804 nomine

188 4843 332 4896 consuerit
351 4839 503 4910 appellari,
515 4837 559 4904 jus
574 4833 717 4904 albiuagii,
731 4837 790 4888 sire
803 4836 927 4902 albensa,
939 4851 1004 4905 qua·

187 4931 210 4982 si
231 4925 307 4995 quod
324 4926 412 4994 rapiat
431 4933 455 4976 et
474 4921 592 4974 vindicet
611 4917 663 4973 sibi
683 4919 752 4972 boon
773 4919 839 4972 alibi
859 4931 1003 4988 notorum,

187 5009 247 5064 sid.
260 5007 354 5078 Spetd,
366 5009 395 5060 iu
408 5007 506 5077 tpecul.
519 5025 547 5058 n·
563 5001 606 5058 56.
621 5021 687 5058 uoce
696 5001 845 5079 albinugii.

226 5093 370 5146 Praeterea
388 5107 491 5144 summe
510 5089 665 5141 necessaria
685 5103 796 5158 quoque
815 5101 853 5143 est
870 5093 1005 5145 testatoris

189 5176 348 5251 praeseutia
361 5173 451 5244 quoad
460 5175 543 5244 ipsam
553 5171 753 5228 conlectionem
762 5177 922 5231 testamenti.
937 5176 1008 5228 Nul-

190 5267 248 5315 tum
268 5261 341 5314 enim
359 5268 545 5313 testamentum
567 5259 654 5324 salet,
674 5269 719 5312 ant
736 5259 829 5313 valere
849 5271 936 5332 potest
947 5265 1005 5315 sine

191 5347 325 5402 testatoris
345 5339 513 5415 praeseutia,
534 5359 582 5396 seu
594 5345 719 5394 solemne
729 5341 799 5394 illud
812 5343 845 5396 sit
858 5345 1005 5414 scriptum,

191 5451 239 5486 seu
259 5429 485 5501 nuncupativum.
504 5429 580 5481 Hinc
591 5429 669 5480 nullo
682 5438 808 5500 tempore
820 5431 1006 5500 poterittesta·

188 5529 229 5570 tor
243 5515 350 5581 abesse,
361 5515 490 5584 quoniam
504 5515 586 5565 unico
599 5531 708 5586 semper
718 5525 846 5570 contextu
857 5516 917 5570 fleri
926 5515 1005 5571 debet

189 5607 337 5652 atestatore
351 5607 510 5669 praesente,
523 5599 541 5654 l.
559 5615 602 5650 ar.
616 5605 710 5653 tornet
722 5603 842 5657 manime
855 5599 880 5674 5
883 5599 911 5673 s
911 5597 950 5672 st
958 5601 1006 5671 qai

104 5671 145 5722 ¹5
186 5681 313 5753 tesnfitc·
328 5681 353 5757 5
369 5683 394 5735 3.
415 5684 499 5739 instit·
519 5684 547 5736 lc.
567 5689 585 5736 t.
609 5681 628 5736 l.
647 5683 692 5738 28.
713 5701 738 5740 c.
760 5681 796 5740 tle
815 5695 923 5741 testum.
945 5681 1004 5738 Nisi

1054 1970 1119 2021 dum
1131 1965 1176 2020 hic
1191 1976 1247 2031 eat,
1262 1978 1371 2033 semper
1382 1970 1535 2016 testatorem
1554 1956 1623 2020 sibi,
1642 1955 1664 2007 ai
1685 1961 1873 2006 testamentum

1051 2051 1125 2105 dorni
1140 2050 1261 2120 legitime
1274 2048 1461 2116 conscriptum
1482 2053 1507 2097 et
1525 2041 1623 2094 ordine
1642 2035 1796 2092 conlectum
1807 2079 1815 2102 ,
1828 2036 1873 2088 sel

1053 2151 1104 2205 per
1117 2131 1275 2197 literas,vel
1291 2147 1343 2200 per
1354 2127 1550 2192 nuncium,set
1563 2126 1619 2176 alio
1632 2121 1714 2174 modo
1727 2139 1779 2192 per
1790 2121 1873 2172 alium

1054 2219 1081 2272 id
1094 2216 1233 2286 judicibus
1246 2214 1341 2269 cll'erri
1356 2215 1428 2268 etad
1443 2223 1501 2266 acta
1516 2209 1614 2264 relerri
1630 2207 1750 2278 petierit,
1763 2207 1873 2276 praeju-

1053 2305 1155 2357 dicare.
1169 2302 1228 2355 Ncc
1242 2303 1313 2357 enim
1328 2301 1374 2354 laic
1388 2285 1496 2369 vulgata
1509 2298 1579 2368 juris
1592 2295 1687 2364 regula
1703 2295 1793 2346 locum
1803 2291 1872 2345 obti·
1909 2297 1942 2332 ²⁰

1053 2403 1119 2440 nare
1133 2396 1233 2457 potest,
1249 2385 1394 2454 quodqais
1406 2399 1457 2454 per
1469 2381 1553 2433 alium
1567 2378 1647 2444 iacit,
1660 2393 1709 2447 per
1722 2391 1752 2428 se
1772 2373 1872 2428 iecisse

1054 2471 1191 2537 putandas
1205 2479 1261 2536 est,
1279 2487 1306 2524 e·
1326 2471 1373 2542 qni
1384 2469 1459 2539 flacit
1475 2483 1524 2536 per
1540 2467 1640 2519 alium.
1662 2478 1706 2532 7²·
1725 2436 1798 2516 ulr-
1815 2459 1872 2530 jur.

1055 2555 1083 2605 in
1096 2564 1179 2607 sesto.
1195 2558 1213 2605 t.
1228 2567 1299 2608 eerte
1312 2572 1342 2606 se
1354 2553 1477 2608 interim.
1492 2549 1517 2606 5.
1530 2549 1556 2624 5.
1577 2549 1645 2623 ¹·ff·
1664 2545 1701 2602 de
1717 2561 1790 2616 pree.
1809 2543 1873 2595 car-

1054 2653 1136 2706 pzov·
1151 2633 1221 2688 dict.
1235 2638 1291 2702 diss.
1306 2638 1487 2708 aequoniam
1501 2635 1638 2688 testatoris
1651 2630 1803 2704 praesentia
1818 2626 1875 2680 tor·

1056 2739 1097 2773 sna
1110 2718 1295 2772 substantialis
1304 2726 1341 2770 est
1356 2717 1600 2785 ipstnstestsrnenti
1610 2715 1871 2788 judicialisfflartm.

1055 2804 1155 2858 Pistor.
1172 2822 1201 2871 p.
1227 2800 1253 2853 3.
1273 2821 1319 2870 qu.
1340 2799 1383 2852 aa.
1405 2819 1434 2852 n.
1456 2797 1482 2850 6.
1507 2809 1532 2850 et
1551 2804 1614 2852 toan
1636 2799 1805 2872 probationis
1825 2813 1874 2868 per

1051 2887 1082 2944 d.
1096 2891 1117 2944 l.
1136 2904 1178 2961 ¹9·
1197 2905 1221 2941 c.
1235 2885 1323 2954 lgitur
1336 2886 1434 2936 melius
1447 2881 1500 2934 sibi
1515 2883 1662 2933 consulere
1680 2885 1775 2947 nequit
1794 2889 1872 2932 testa·
1910 2891 1940 2926 as

1050 2986 1107 3038 tor,
1120 2990 1200 3044 quam
1214 2971 1234 3024 si
1250 2970 1308 3040 ipse
1322 2969 1348 3020 in
1358 2981 1631 3038 personasuacorana
1643 2961 1783 3030 jndicibus
1797 2979 1872 3014 com-

1052 3055 1215 3128 pareat‚vel
1231 3056 1256 3106 iu
1280 3069 1367 3122 ogone
1387 3049 1562 3113 constitutus,
1584 3046 1693 3100 eosdem
1709 3046 1735 3097 in
1756 3062 1871 3114 conspe-

1050 3156 1123 3200 ctum
1144 3153 1168 3196 et
1190 3139 1313 3193 anditum
1334 3135 1440 3188 accersi
1463 3131 1620 3194 curaverit,
1640 3140 1666 3182 et
1683 3129 1872 3184 decentissime

1050 3229 1160 3300 petierit
1174 3223 1242 3278 actis
1255 3228 1444 3275 testamentum
1457 3232 1536 3268 sunm
1551 3215 1701 3280 insinuari,
1717 3215 1738 3268 1.
1755 3231 1796 3286 ¹9·
1810 3233 1833 3268 e.
1843 3215 1874 3268 cte

1049 3321 1160 3368 testem.
1173 3308 1272 3376 Carpe.
1286 3305 1313 3358 cl.
1329 3307 1350 3357 l.
1363 3321 1426 3358 curn
1440 3297 1547 3356 ibidem
1555 3301 1698 3372 allegatis.
1715 3299 1870 3372 Addatules.

1050 3398 1154 3464 adsit.
1171 3397 1196 3448 l.

1085 3481 1127 3535 De
1141 3481 1206 3552 jure
1222 3477 1366 3548 pruteuico
1378 3471 1446 3526 laneo
1460 3473 1610 3526 nenessitas
1623 3472 1651 3524 in
1671 3487 1790 3542 persona
1810 3487 1875 3542 pro·
1912 3489 1946 3526 aa

1050 3569 1110 3640 pria
1123 3561 1304 3635 comparendi
1317 3559 1440 3614 testatori
1449 3559 1562 3612 ridetur
1575 3574 1635 3613 esse
1648 3559 1780 3626 remissa,
1793 3559 1874 3611 modo

1053 3655 1079 3708 id
1092 3671 1143 3724 per
1158 3653 1244 3704 aliurn
1258 3649 1318 3713 fiat,
1336 3645 1393 3699 vid.
1406 3649 1427 3700 l·
1441 3645 1468 3698 5.
1483 3645 1525 3698 a'r.
1543 3659 1565 3695 ι.
1581 3657 1635 3698 nrt.
1650 3643 1677 3710 4·
1693 3642 1718 3718 5.
1732 3643 1758 3697 3.

1086 3741 1199 3792 Praeter
1211 3733 1349 3790 testatoris
1364 3731 1547 3802 praesentiam
1562 3729 1595 3780 sd
1608 3729 1761 3784 testamenti
1781 3728 1876 3782 conle-
1911 3725 1944 3775 ²3

1052 3828 1172 3880 ctionem
1192 3818 1345 3892 requiritur
1364 3817 1446 3869 etiam
1469 3814 1623 3884 praesentia
1641 3814 1765 3878 testium,
1785 3830 1873 3883 quos,

1054 3909 1117 3960 licet
1131 3899 1466 3975 regulariterinomnibus
1479 3897 1601 3962 actibus,
1617 3896 1664 3948 ubi
1679 3895 1873 3964 requiruntur,

1052 3991 1237 4063 personaliter
1250 3993 1407 4058 praesentes
1422 3999 1480 4035 esse
1493 3991 1631 4053 oporteat,
1644 3995 1705 4032 cum
1719 3995 1873 4048 apraesen·

1053 4079 1089 4130 tia
1102 4078 1143 4130 sic
1157 4071 1324 4126 denominati
1337 4071 1405 4131 sint,
1424 4068 1537 4120 salente
1556 4054 1592 4117 it'a
1609 4064 1753 4118 Francisc.
1773 4061 1873 4115 Pollet.

1053 4164 1084 4216 iu
1097 4155 1263 4230 dissonfim'
1273 4172 1341 4208 rom.
1355 4154 1375 4207 t.
1390 4152 1416 4217 4.
1429 4171 1452 4205 e.
1469 4150 1501 4202 13
1525 4147 1590 4203 binc
1601 4149 1743 4200 climdicti
1753 4156 1813 4200 sunt
1827 4163 1874 4197 an·

1053 4247 1167 4310 tistites‚
1180 4240 1317 4304 anteacti,
1332 4235 1473 4299 advocati,
1487 4233 1564 4304 quasi
1579 4233 1606 4284 in
1617 4249 1674 4284 rern
1687 4243 1873 4300 praesentem,

1054 4330 1088 4384 sle
1105 4348 1159 4399 qua
1178 4324 1346 4381 testificaturi
1360 4333 1437 4386 sunt,
1457 4318 1557 4373 vocati.
1575 4313 1763 4368 Nihilominus
1781 4324 1871 4368 tamen
1909 4327 1943 4390 24

1053 4416 1081 4466 io
1101 4410 1251 4467 testamenti
1269 4405 1466 4461 constitutione
1479 4401 1532 4454 boe
1552 4401 1671 4452 maxime
1691 4399 1814 4468 speciale
1834 4411 1873 4452 est

1053 4507 1079 4550 et
1091 4495 1293 4556 necessarium,
1313 4501 1340 4542 nt
1358 4497 1440 4543 testes
1457 4486 1511 4538 siut
1528 4491 1686 4552 praesentes
1704 4483 1825 4535 testatori
1848 4493 1874 4534 ει

1053 4597 1172 4652 corpore
1183 4587 1208 4631 et
1221 4580 1328 4630 animos
1341 4573 1370 4630 h.
1387 4589 1410 4625 e.
1422 4567 1598 4625 testibusnon
1607 4564 1721 4631 suflicit,
1733 4565 1873 4618 audivisse

1054 4684 1150 4720 rocem
1163 4663 1316 4724 testatoris,
1330 4657 1377 4712 sed
1390 4655 1490 4708 debent
1503 4661 1658 4708 testatorem
1677 4652 1756 4707 etiarn
1776 4651 1872 4705 sidere

1053 4763 1079 4804 et
1092 4751 1186 4804 audire
1197 4790 1204 4818 ,
1216 4751 1237 4802 l.
1251 4765 1295 4800 at.
1308 4765 1344 4816 pr
1356 4744 1398 4815 ff
1410 4744 1459 4818 qui
1467 4750 1530 4797 test.
1534 4743 1598 4812 sac.
1610 4742 1677 4810 quid
1691 4742 1757 4795 selit
1772 4757 1874 4812 cogno-

1053 4849 1127 4889 scere
1142 4846 1167 4889 et
1180 4835 1350 4904 intelligere,
1366 4831 1386 4883 l.
1399 4829 1425 4884 si
1439 4847 1494 4883 non
1508 4827 1670 4898 speciali-9·
1680 4845 1702 4882 c·
1717 4828 1750 4880 de
1762 4837 1871 4880 testum.

1055 4919 1112 4974 sid.
1126 4917 1174 4970 dn.
1189 4919 1302 4971 Praeses
1313 4915 1389 4988 disp.
1403 4913 1429 4966 3.
1442 4911 1550 4985 dejure
1561 4929 1635 4968 sens.
1650 4932 1672 4967 c.
1692 4930 1715 4970 ι,
1735 4931 1761 4966 n.
1783 4915 1827 4966 ab.
1848 4929 1875 4968 ιι

1053 5001 1157 5060 ibidem
1170 5007 1199 5058 in
1211 5007 1345 5074 prooemio
1362 5021 1391 5056 n.
1411 5015 1457 5073 29.
1476 4997 1672 5054 erasurum
1692 4997 1759 5051 adeo
1779 4999 1872 5050 stricte

1054 5089 1263 5160 intelligendum
1276 5098 1329 5152 est,
1343 5097 1372 5141 ut
1392 5085 1497 5139 etiarnsi
1518 5097 1564 5135 ao.
1584 5084 1763 5150 requirantur
1780 5091 1876 5145 testea,

1053 5175 1147 5226 nntlns
1161 5173 1260 5225 horam
1273 5171 1367 5226 abesse
1380 5172 1480 5242 possit,
1494 5171 1514 5222 t.
1532 5183 1573 5221 sa.
1587 5185 1611 5221 c.
1625 5165 1874 5222 detestamtlndc
1912 5178 1944 5227 25

1054 5267 1162 5329 sponte,
1181 5258 1209 5308 ui
1223 5257 1324 5321 fallor,
1336 5255 1409 5320 fluit,
1424 5274 1437 5307 ι
1451 5251 1621 5306 testamentis
1639 5258 1721 5303 testes
1737 5261 1874 5318 tamquam

1054 5343 1199 5396 inidoneos
1212 5355 1271 5393 esse
1283 5339 1467 5391 removendos
1478 5379 1485 5398 ,
1496 5345 1586 5387 matos
1600 5343 1626 5388 et
1637 5333 1750 5397 surdos,
1765 5351 1874 5400 coecos,

1054 5427 1186 5492 inientes,
1202 5424 1323 5477 luriosos
1338 5433 1364 5475 et
1376 5423 1495 5474 maxime
1507 5408 1631 5472 omnium
1646 5408 1785 5486 absentes,
1806 5435 1875 5486 qao-

1054 5515 1127 5566 niam
1147 5511 1246 5564 bornus
1262 5508 1385 5561 omniurn
1405 5505 1471 5560 sitia
1486 5512 1608 5577 puguant
1621 5519 1683 5556 enm
1703 5505 1872 5574 praesentia,

1058 5598 1236 5666 eamdemque
1249 5593 1371 5648 totaliter
1382 5591 1536 5645 destruunt.

1091 5683 1182 5754 ldsjor
1194 5678 1341 5736 dilficaltas
1354 5683 1393 5730 est
1407 5675 1483 5728 circs
1501 5681 1688 5728 testamentum
1710 5671 1791 5741 pestis
1805 5677 1873 5720 tem·
1909 5679 1945 5732 ,ι
