4442 6308
223 229 270 296 dot
667 233 716 288 Illi
735 231 854 289 lunen
873 230 1138 290 euctotttnttts
1158 227 1347 290 tntlltcstt
1745 247 1796 315 la,

176 325 237 380 eirca
255 341 318 397 qnos
337 325 448 384 abusum
466 331 581 402 aliquem
608 338 680 386 uolat
704 330 851 402 imperator
869 329 898 385 in
916 337 941 394 ς.
960 340 983 384 e.
1034 348 1089 385 nou
1107 329 1309 400 observaverit,
1327 331 1373 388 sed
1398 339 1525 411 neglectis
1549 342 1694 400 mobilibus
1716 348 1807 406 statim
1826 353 1856 407 ln

176 416 229 468 inst.
246 416 385 472 deeutisd·
404 430 452 474 tut.
470 420 575 492 qnando
594 420 777 488 tuegistratus,
796 418 839 470 cui
867 421 987 472 tutorem'
1034 417 1199 484 immobilia,
1218 430 1263 473 aut
1280 419 1466 478 immobilibus
1483 428 1592 484 omissis
1608 429 1747 488 innomine
1758 453 1854 492 esecu·
1911 505 1913 509 Ι

175 503 211 554 rel
228 511 373 555 curatorem
391 503 473 558 dandi
492 504 601 558 laosrltes
619 503 769 575 competit,
788 502 822 555 ab
839 520 887 567 eo,
905 519 983 571 quem
1037 503 1110 556 tioue
1128 505 1277 574 suscipiet,
1296 516 1423 578 potestate
1442 527 1487 565 sua
1505 513 1633 568 abutitur.

175 581 243 635 dedit
258 584 298 636 rel
316 585 433 650 nullam,
452 585 492 639 rel
511 603 563 638 uun
583 585 704 639 idoneam
722 583 872 638 cautionem
886 583 983 654 exegit,
1073 587 1140 640 Sunt
1151 595 1178 640 el
1196 587 1263 640 aliae
1282 605 1338 655 ree,
1350 590 1448 661 quibus
1466 593 1625 664 singularem
1644 595 1725 656 fidem
1745 603 1851 675 publice
1892 631 1924 678 g,

172 683 277 737 ermque
294 669 405 722 abusum
430 669 517 724 delam
536 680 627 724 ooutra
654 669 838 738 magistrstum
857 668 933 720 illum
953 685 982 718 a·
1037 671 1178 724 auctoritas
1205 671 1313 737 tribuit,
1333 674 1378 726 sed
1395 693 1474 746 quam
1494 679 1589 736 abusus
1613 688 1767 758 corrumpit.
1798 691 1857 762 Quo

117 753 141 795 ¹¹
173 753 257 806 ctione
275 752 436 808 subsidieris
455 755 548 826 punite
565 754 608 810 ael
628 753 656 806 in
675 761 749 806 antus
767 751 800 804 ad
817 751 983 822 jurisdictio·
1036 764 1136 827 spectet
1153 759 1284 827 appositio
1303 758 1566 832 sigillorum,quae,
1586 767 1608 820 si
1628 769 1656 820 in
1676 771 1858 832 instrumento

175 853 229 890 nem
246 837 438 892 contentiosam
457 847 627 910 spectantes,
648 838 724 890 circa
748 851 815 906 quos
839 835 936 890 abusus
955 835 984 888 iu
1035 842 1087 894 rite
1106 839 1187 893 luerit
1205 841 1284 908 lacte,
1303 845 1410 914 plenam
1430 848 1455 900 ei
1475 844 1554 902 isdem
1577 850 1686 920 tribuit,
1699 857 1778 912 etiam
1799 861 1858 915 sine

169 917 305 986 judiesudo
324 922 410 974 notari
429 931 555 975 meretur.
574 921 695 992 Contigit
718 931 808 975 autem
825 921 922 974 ebusus
939 921 986 975 ills
1036 927 1248 998 subscriptione,
1268 929 1321 982 rid.
1333 930 1433 984 Theod.
1449 933 1857 1012 Hippios··desigittor.prn0,

171 1004 206 1055 ael
222 1003 291 1056 uirus
309 1005 412 1073 judieii
430 1006 624 1070 antecedentia,
638 1007 680 1059 rel
691 1005 857 1070 comitantia,
871 1005 912 1058 rel
923 1020 986 1058 eoo-
1036 1021 1064 1063 er
1082 1011 1221 1084 nooojur,
1235 1030 1258 1066 ο,
1276 1025 1314 1068 ¹5,
1334 1033 1360 1067 n,
1383 1028 1513 1089 „ww
1532 1019 1564 1072 p„
1584 1021 1683 1076 „duh
1693 1026 1772 1080 epm
1789 1030 1856 1084 ΜΞ.

113 1103 136 1149 ιι
168 1089 312 1157 sequentia.
325 1087 367 1141 Ad
378 1089 565 1146 antecedentia
583 1089 722 1144 reserenda
742 1089 894 1152 trsnsactio,
907 1105 984 1158 qnam
1035 1092 1101 1156 bus,
1119 1106 1147 1148 et
1169 1097 1268 1166 quibus
1293 1102 1416 1168 majorem
1440 1102 1605 1158 soliditatem
1630 1109 1689 1175 jure
1713 1113 1857 1170 couciliure

168 1171 270 1242 quidem
284 1175 370 1244 quoad
383 1185 471 1245 partes
483 1174 622 1244 litigantes
634 1174 733 1228 nullam
748 1173 929 1228 necessitatem
943 1173 985 1224 in·
1035 1180 1186 1246 uoluerunt,
1199 1198 1305 1253 semper
1323 1185 1475 1252 sigillorum
1494 1189 1686 1258 oppositionem
1701 1196 1801 1266 requisi
1817 1199 1856 1252 ri·

168 1254 279 1321 ducere,
296 1255 414 1326 judicem
435 1273 495 1312 aero
513 1257 545 1310 ad
563 1257 683 1312 eamdem
704 1257 853 1312 teutsndam
871 1257 985 1326 judicio·
1035 1259 1141 1328 demus,
1160 1266 1200 1316 uti
1226 1266 1255 1318 in
1276 1267 1626 1328 solemnibus-testementis
1653 1271 1676 1346 ξ.
1697 1287 1721 1330 ι,
1739 1277 1803 1334 inst.
1822 1282 1856 1336 ὼ

165 1358 213 1410 que
231 1341 458 1412 praemittendam
476 1343 505 1396 iu
526 1343 584 1396 loru
601 1343 730 1414 inprimis
743 1345 870 1406 saxonico
882 1361 931 1413 per
942 1361 984 1398 or·
1034 1353 1092 1396 test.
1110 1347 1171 1400 ord.
1190 1347 1262 1416 Quid
1280 1349 1305 1402 si
1323 1363 1410 1406 autem
1429 1355 1490 1424 quis
1513 1355 1594 1410 rebus
1617 1359 1685 1412 meis
1703 1362 1791 1431 sigilla
1811 1369 1853 1420 rel

167 1425 219 1478 din.
233 1429 362 1496 promsit,
380 1439 403 1480 ι.
414 1427 493 1483 verb:
518 1427 626 1484 Wollen
639 1427 828 1482 wirerrsstliclt
840 1428 985 1482 ermudoet
1034 1445 1079 1480 sus
1098 1431 1139 1483 rel
1157 1432 1244 1486 eliens
1263 1434 1361 1490 illicite
1378 1438 1554 1510 imposuerit,
1571 1441 1652 1496 licite
1674 1460 1724 1514 ego
1739 1447 1787 1500 illa
1807 1451 1854 1504 ale·

168 1510 272 1578 dcun,
290 1510 404 1580 obligari
421 1511 536 1566 omnino
547 1523 621 1582 puto·
633 1510 704 1566 noui.
717 1508 827 1579 magnif.
840 1508 886 1564 dn.
900 1509 984 1578 Ziegl.
1033 1512 1136 1567 trahere
1153 1525 1182 1569 et
1201 1517 1324 1588 frangere
1341 1538 1449 1593 possum
1466 1541 1517 1594 per
1533 1523 1552 1576 l.
1582 1536 1605 1579 t.
1624 1537 1650 1580 ee
1675 1539 1698 1582 2.
1716 1547 1739 1583 c.
1760 1543 1790 1586 ιιι
1806 1535 1851 1590 lle.

167 1595 260 1650 deust.
286 1597 375 1650 eoncl.
399 1607 442 1649 tt.
462 1596 553 1650 Posito
571 1595 671 1666 igitur,
690 1594 760 1665 quud
777 1593 859 1662 judex
876 1593 908 1646 ed
926 1611 984 1646 eam
1033 1616 1106 1650 uem.
1128 1600 1188 1655 eine
1205 1603 1269 1677 jod.
1294 1617 1398 1660 unctor.
1422 1607 1493 1678 sign.
1517 1610 1572 1663 red.
1597 1611 1662 1685 imp.
1680 1615 1763 1670 allen.
1786 1618 1853 1674 ιιι,

164 1676 296 1750 obligetur
315 1690 387 1733 certe
404 1679 521 1734 abutitur
546 1697 592 1734 suu
617 1690 767 1752 potestate,
786 1677 809 1731 si
826 1680 868 1733 rel
884 1679 983 1733 omissa
1035 1683 1138 1738 Theod.
1161 1687 1300 1760 Ettppiog.
1323 1693 1349 1744 d,
1367 1702 1401 1744 tr.
1419 1709 1442 1745 e.
1470 1705 1494 1746 ι.
1513 1713 1540 1746 n.
1562 1708 1604 1748 ιι.
1628 1713 1684 1768 sqq.
1708 1699 1774 1755 Cum
1794 1707 1854 1774 jun

164 1765 258 1818 illaad
278 1764 410 1834 judicium
439 1764 565 1829 festinet,
585 1763 655 1820 sorte
679 1765 857 1836 sportularum
880 1763 983 1832 opima·
1033 1771 1193 1825 abhorreant
1213 1773 1246 1827 ab
1264 1793 1310 1842 eo,
1323 1787 1353 1830 ut
1366 1780 1426 1848 quis
1444 1783 1555 1852 proprie
1574 1786 1730 1840 auctoritate
1748 1789 1799 1842 sibi
1814 1795 1856 1860 jus

164 1867 220 1904 rum
238 1851 316 1904 lucro
334 1849 471 1922 deceptuse
490 1851 532 1906 rel
550 1851 625 1904 illem
645 1851 674 1903 io
691 1850 778 1902 causis
795 1848 982 1902 crimioolibns
1034 1849 1124 1906 dicere
1142 1857 1237 1926 possit.

163 1933 386 2004 mosedimeuda
405 1951 549 1999 renarro,
569 1945 760 2004 oootraqoem
785 1929 980 2002 inquirendum
1069 1937 1224 2007 Insignibus
1242 1942 1324 1998 etiam
1344 1963 1436 2016 magna
1455 1951 1597 2007 auctoritas
1623 1957 1768 2028 tribuitur,
1787 1981 1855 2035 quae
1893 1979 1926 2022 ro

159 2017 634 2084 errt,suadererclit.}lunoenim
653 2017 979 2088 judicisansum,quam-
1036 2029 1123 2075 tamen
1149 2023 1219 2094 ipsis
1246 2043 1293 2097 per
1318 2030 1427 2084 abusum
1447 2053 1557 2105 prorsus
1581 2039 1806 2100 adimitur.lnde
1831 2048 1855 2102 si
1894 2073 1925 2114 ῃ

160 2104 198 2155 ris
215 2103 342 2158 nonnulli
364 2111 497 2172 temqnsm
516 2103 622 2156 licitum
641 2100 786 2164 defendat,
807 2098 875 2152 mihi
895 2110 982 2154 tamen
1033 2106 1109 2174 quis,
1122 2110 1165 2161 cui
1185 2109 1218 2162 de
1232 2110 1314 2165 londo
1331 2133 1379 2168 sue
1397 2123 1576 2178 controversia
1595 2123 1627 2176 ab
1645 2127 1699 2182 ello
1719 2141 1854 2200 mmm,

161 2205 210 2240 eon
227 2187 313 2241 ¹facile
329 2187 391 2256 quis
407 2185 474 2240 illud
493 2184 671 2258 persuadebit.
683 2183 752 2238 Nam
768 2198 828 2236 reus
847 2184 884 2238 ite
899 2193 984 2238 trans·
1036 2188 1140 2244 titulum
1162 2195 1203 2246 vel
1225 2194 1343 2266 iusignia
1367 2198 1478 2270 alicujus
1503 2206 1667 2274 potentioris
1691 2229 1769 2282 quem
1787 2216 1857 2272 alleg·

159 2273 232 2344 igeru
253 2281 301 2326 ant
320 2287 418 2325 nocens
435 2281 495 2337 est,
515 2280 560 2324 aut
578 2269 723 2334 iunoceus;
743 2269 767 2321 si
787 2283 908 2332 nocens,
928 2269 980 2320 im·
1036 2275 1146 2343 metuit,
1159 2277 1247 2332 eidem
1268 2279 1333 2334 luiso
1351 2281 1497 2356 praefiget,
1509 2291 1686 2358 possessionis
1703 2305 1750 2348 sut
1762 2313 1854 2355 esum

162 2357 275 2428 punitus
295 2354 404 2411 dimitti
427 2371 482 2408 nou
506 2351 604 2418 debete
623 2352 648 2405 si
666 2349 816 2420 innocens,
836 2370 917 2422 quere
935 2371 985 2426 pu·
1033 2359 1178 2415 emissione
1196 2364 1320 2434 punitur,
1333 2379 1361 2422 et
1379 2367 1492 2440 insuper
1509 2375 1623 2443 llagellis
1635 2394 1730 2434 merus
1746 2381 1855 2440 dumnu-

162 2435 300 2496 nieadns?
320 2438 355 2494 Et
375 2441 398 2492 si
417 2453 483 2494 rese
500 2454 554 2492 nun
566 2437 642 2492 cedit
656 2438 690 2490 in
709 2437 826 2506 judicem
839 2473 847 2504 ,
862 2455 915 2492 uec
936 2453 986 2509 pro
1037 2452 1081 2498 tur
1098 2445 1128 2498 in
1146 2450 1298 2516 metellome
1317 2455 1452 2522 potentior
1469 2473 1544 2524 uero,
1565 2460 1588 2511 si
1604 2475 1667 2514 com
1687 2465 1772 2534 ipsius
1791 2485 1859 2524 con·

160 2543 188 2580 ea
203 2524 369 2580 ¹redimenda
387 2523 528 2596 quiequam
541 2521 676 2594 occipere,
695 2521 741 2576 sed
755 2522 844 2593 potius
863 2523 987 2576 iunocen-
1037 2545 1115 2582 sensu
1132 2533 1197 2585 alter
1214 2532 1368 2604 insignibus
1383 2539 1440 2607 eius
1458 2539 1554 2594 abusus
1572 2542 1669 2612 t'uerit,
1684 2545 1855 2621 liciniorum,

159 2621 237 2666 lema
252 2626 319 2664 resa
333 2611 504 2678 cujuscumqe
517 2605 737 2680 sponte'liberare
749 2605 867 2662 debebat.
880 2605 952 2662 conl.
967 2607 986 2662 l.
1035 2630 1083 2682 per
1101 2614 1120 2665 1.
1138 2635 1186 2668 un.
1202 2635 1226 2670 e.
1246 2618 1279 2673 sle
1297 2621 1352 2686 leri,
1371 2623 1420 2694 poi
1432 2635 1537 2696 potent.
1549 2645 1625 2682 nom.
1643 2631 1684 2684 tit.
1701 2649 1788 2706 praee,
1809 2641 1854 2711 “s-

155 2695 386 2768 persps'cs'eudum.
405 2706 445 2746 ιι.
448 2691 491 2762 ff.
504 2693 628 2766 depoeo.
1025 2696 1080 2771 fig.
1098 2699 1199 2754 ἰἰιςοι,
1220 2703 1311 2774 uppp,
1328 2716 1363 2758 ῃ,
1382 2707 1416 2762 g,
1433 2710 1532 2782 pum
1551 2715 1600 2768 „p
1620 2735 1690 2771 arm·
1715 2723 1807 2794 prim
1826 2737 1854 2779 θ’

102 2793 124 2834 ts
191 2778 473 2848 Comiteutisjudicii
491 2793 553 2834 rouo
574 2777 773 2834 concessionem
800 2777 984 2846 dilationum,
1037 2801 1106 2838 nouo
1111 2785 1188 2859 jure.
1201 2801 1321 2845 otuu.
1339 2795 1608 2870 stt-Purrosiquis
1620 2802 1708 2872 ipsius
1720 2809 1855 2880 principis

159 2865 327 2919 sententiam
346 2873 398 2918 etc.
422 2863 492 2916 cirea
516 2861 658 2918 dilationes
682 2861 764 2930 judex
788 2873 922 2934 potestate
940 2881 987 2918 aua
1036 2869 1154 2940 insignis
1171 2873 1282 2928 aedibus
1299 2876 1356 2930 suis
1373 2875 1508 2950 affigam

1506 2892 1566 2936 orte
1585 2895 1615 2939 ut
1630 2905 1663 2940 eo
1679 2888 1740 2960 ipso
1757 2893 1856 2948 immo.

101 2959 126 3000 tt
158 2948 285 3004 abutitur
308 2951 349 3005 rel
373 2958 477 3019 tempus
494 2963 587 3002 earum
614 2947 698 3002 nimis
721 2947 902 3014 coarctando,
926 2967 986 3004 cum
1036 2956 1149 3008 nitatem
1170 2977 1185 3011 a
1209 2959 1319 3014 tributis
1343 2964 1397 3016 eibi
1422 2977 1576 3036 competere
1604 2973 1666 3027 eliis
1696 2977 1856 3047 persuade„

156 3049 251 3090 censeo
279 3033 528 3106 qualitaslougius
554 3031 694 3104 requiret,
720 3041 782 3105 puta
808 3031 832 3086 si
859 3043 937 3087 testes
954 3049 987 3088 ex
1036 3036 1130 3108 (secus
1148 3043 1222 3096 enim
1241 3045 1264 3096 si
1284 3047 1460 3115 pergratiam
1484 3052 1618 3126 principis
1636 3055 1665 3107 id
1683 3064 1857 3134 concessum)

158 3119 319 3191 longinquis
338 3119 405 3174 lucis
421 3116 596 3184 accersendi,
615 3116 727 3189 petenda
748 3117 916 3183 testimonis,
933 3119 987 3172 col·
1037 3136 1144 3192 proeter
1168 3128 1340 3182 amissionem
1362 3132 1401 3184 rei
1428 3151 1504 3203 suae,
1528 3138 1630 3211 quippe
1653 3161 1720 3212 qn„
1746 3157 1857 3218 propp„

155 3204 265 3275 ligeuda
285 3206 460 3258 instrumenta
479 3215 530 3258 etc.
550 3205 589 3257 rel
608 3203 723 3256 nimium
742 3200 903 3268 dilatando,
923 3220 983 3256 cum
1036 3208 1153 3278 iusignia
1167 3212 1300 3284 principis
1314 3218 1434 3286 apposita
1452 3227 1631 3289 praesumitur
1643 3228 1674 3280 ud
1687 3225 1782 3284 fiscum
1797 3251 1858 3305 por-

155 3289 283 3348 brevitati
297 3289 387 3344 litium
407 3289 513 3344 studere
525 3285 614 3342 uilicii
633 3287 673 3340 sui
692 3287 783 3356 potius
797 3302 859 3342 esse
877 3287 987 3344 debebat
1039 3293 1142 3359 tinere,
1159 3297 1294 3350 Mascurd.
1310 3300 1346 3351 de
1360 3303 1469 3370 probet.
1488 3307 1541 3360 ool.
1561 3317 1586 3360 2.
1603 3312 1690 3366 renel,
1711 3325 1770 3369 eet.
1789 3334 1815 3369 η,
1832 3328 1856 3370 ι,

155 3394 260 3441 messe
279 3376 320 3431 rel
337 3376 480 3430 dilationes
505 3373 730 3446 multiplicando,
755 3371 788 3426 de
811 3391 865 3445 quo
888 3375 985 3446 Georg.
1035 3379 1057 3432 si
1077 3379 1197 3450 plebeius
1216 3385 1268 3448 sit,
1281 3385 1327 3454 qui
1345 3389 1484 3460 opposuit,
1498 3393 1593 3449 ultimo
1611 3397 1760 3470 supplicio,
1774 3403 1798 3455 si
1812 3403 1855 3456 di-

154 3461 288 3516 Obreuht.
312 3461 348 3514 de
364 3459 472 3532 jurum.
487 3459 613 3514 colunto·
632 3477 655 3512 c.
677 3470 718 3512 te.
737 3475 765 3510 u.
786 3465 827 3509 tt.
845 3457 985 3528 conqueri·
1034 3464 1113 3532 guior
1130 3464 1316 3535 deportatione
1333 3475 1419 3542 perd.
1441 3486 1463 3528 t.
1477 3487 1504 3530 et
1519 3487 1543 3530 2.
1555 3497 1579 3533 e.
1591 3491 1623 3535 ιιι
1640 3501 1720 3538 nemo
1733 3485 1801 3551 μήν,
1813 3488 1854 3542 ιιι,

155 3555 215 3610 *urs
235 3543 314 3617 quod
337 3561 419 3615 nepe
443 3557 487 3599 tn.
511 3559 590 3613 saepe
616 3555 657 3596 tu.
683 3551 710 3596 et
732 3541 822 3612 plures
840 3541 984 3597 dilationes
1031 3548 1126 3619 proed.
1136 3549 1202 3605 suis.
1215 3551 1295 3605 hodie
1311 3557 1456 3612 arbitraris
1468 3561 1585 3632 punitur·
1599 3565 1765 3622 Ponderibus
1777 3581 1856 3643 atque

155 3630 214 3684 dari
234 3631 357 3696 soleant,
375 3649 436 3684 cum
456 3640 542 3684 tamen
561 3635 681 3698 quartum
700 3625 855 3680 diletionem
874 3626 982 3680 nonnisi
1034 3637 1167 3688 mensuris
1186 3637 1320 3709 publicam
1346 3645 1533 3700 anctoritatem
1555 3649 1655 3706 tribuit
1683 3655 1856 3726 magistratus
1949 3670 1956 3682 ·

156 3715 269 3787 eogoita
290 3715 482 3786 impedimenti
500 3714 609 3784 allegati
627 3727 702 3764 censs
721 3719 747 3764 el
767 3713 894 3781 praestito
911 3713 984 3781 jure·
1032 3718 1153 3788 superior
1171 3720 1197 3774 ri
1215 3724 1409 3794 superioritatis
1424 3729 1610 3799 territurialis,
1622 3738 1728 3806 qundo
1744 3756 1853 3794 mem.

156 3813 250 3858 mento
273 3799 390 3855 malitiae
408 3795 515 3852 demum
535 3799 606 3866 leges
623 3795 715 3848 civiles
734 3794 908 3864 permittunt,
927 3797 983 3850 rid.
1033 3816 1075 3853 ras
1092 3820 1122 3855 ec
1139 3805 1257 3874 pondera
1274 3825 1352 3862 aenea
1370 3811 1412 3866 rel
1429 3813 1533 3886 lapidea
1551 3817 1581 3872 io
1600 3819 1713 3890 singulis
1732 3826 1853 3880 stationi-

154 3901 227 3938 uoo.
249 3895 296 3938 so.
310 3901 336 3936 o.
358 3893 381 3938 ι.
400 3881 471 3936 conl.
496 3881 543 3934 du.
567 3879 670 3933 Rruun.
688 3879 721 3931 in
742 3894 821 3949 proe-
839 3879 895 3934 eiu.
914 3902 935 3938 c·
955 3893 979 3935 e.
1032 3883 1082 3937 bos
1100 3898 1126 3942 et
1145 3888 1299 3946 civitatibus
1317 3895 1440 3963 collocat,
1461 3899 1608 3970 exquibus
1633 3903 1776 3963 inferiores
1794 3931 1851 3966 mo-

154 3987 183 4026 n.
205 3979 231 4026 2.
255 3986 333 4042 seqq.
1029 3970 1157 4040 gistratus
1169 3992 1216 4028 sua
1228 3976 1368 4036 desumere
1379 3983 1504 4040 obstricti
1515 3986 1574 4044 sint
1584 3989 1603 4042 l¹
1617 4003 1642 4044 e.
1658 4010 1681 4046 c.
1692 3995 1726 4050 de
1735 4011 1853 4072 suseepe.
1932 3985 1935 3992 ¹

192 4053 278 4108 Circa
291 4053 452 4108 seutentiam
464 4051 562 4106 obstem
574 4047 691 4120 insignia
707 4068 722 4103 a
740 4049 829 4118 judice
841 4049 981 4104 committi·
1032 4057 1051 4108 1.
1069 4070 1109 4111 se.
1120 4059 1231 4130 resoruc
1238 4064 1296 4134 pol·
1308 4065 1342 4120 de
1355 4085 1382 4120 o.
1393 4073 1519 4126 tetemet.
1527 4091 1581 4130 sou
1594 4078 1710 4134 etlicbeu
1721 4084 1853 4154 meierdu,

155 4147 221 4205 tur,
244 4138 272 4192 si
290 4139 364 4192 illam
381 4154 433 4191 nou
446 4139 593 4192 secundum
612 4147 666 4190 acta
683 4144 711 4187 et
729 4131 858 4205 probate,
877 4134 924 4188 sed
940 4151 981 4188 se·
1033 4140 1169 4196 dorinnen
1181 4145 1231 4198 der
1250 4147 1390 4221 Obriglses't
1405 4153 1539 4228 Orduung
1556 4163 1756 4222 tursuuelsmeo
1774 4169 1853 4240 defir-

151 4223 277 4276 eundum
304 4221 433 4292 priretam
460 4221 601 4277 scientiam
625 4219 703 4272 l'erst.
728 4217 868 4290 Dupliuern
893 4217 980 4272 scien·
1032 4225 1097 4278 Iolen
1124 4226 1204 4293 mind,
1221 4233 1357 4288 mordin-
1373 4237 1542 4304 polindeu„
1565 4257 1641 4300 sets.
1659 4248 1699 4303 ut.
1723 4263 1763 4306 ιι,
1781 4255 1852 4312 cons,

155 4310 221 4360 tism
245 4309 278 4360 in
294 4307 410 4375 judicem
429 4304 522 4360 radere
541 4321 618 4376 posse
636 4321 690 4356 uon
707 4302 982 4373 obsurdumeseeptt·
1032 4309 1851 4396 domomumatauusnemausaasusmmm,rm
1889 4352 1919 4396 2,

155 4403 199 4458 to,
219 4391 360 4463 publicam
381 4409 416 4444 sc.
436 4404 463 4445 et
482 4393 629 4460 priuatam
648 4389 725 4442 illam
744 4406 822 4458 quam
841 4403 874 4440 ea
893 4387 959 4442 setis
969 4425 979 4454 ,
1030 4395 1148 4466 pondera
1168 4407 1197 4452 et
1220 4419 1360 4484 mensures
1383 4409 1563 4468 committitur
1586 4417 1627 4470 rel
1644 4437 1662 4470 a
1679 4421 1851 4494 magistratu,

155 4477 224 4530 hauc
243 4494 325 4545 quam
344 4475 453 4529 aliunde
479 4474 564 4528 habet.
581 4475 735 4527 ldalneruut
752 4480 842 4526 sutem
859 4473 917 4541 jura
935 4489 980 4526 no·
1029 4480 1134 4548 quando
1151 4481 1198 4546 ille
1215 4485 1303 4540 sciens
1322 4489 1441 4546 subditos
1461 4494 1537 4550 loisis
1556 4499 1721 4572 ponderibus
1731 4517 1760 4561 et
1775 4527 1853 4566 men·

151 4572 204 4615 stra
227 4559 347 4627 iudicem
366 4559 395 4612 iu
414 4559 558 4628 judicando
575 4558 698 4631 publicae
716 4557 844 4612 scientiae
861 4557 981 4628 alligare,
1031 4563 1101 4617 suris
1120 4567 1161 4619 uti
1181 4570 1321 4639 connivere
1339 4575 1379 4630 rel
1396 4597 1411 4630 s
1430 4578 1562 4650 subditis,
1586 4587 1633 4655 qui
1652 4590 1771 4660 ponde„
1790 4614 1851 4651 ω...

151 4659 185 4696 ue
201 4644 258 4697 sub
278 4643 398 4714 priuatae
420 4643 549 4696 scientiae
567 4651 705 4714 praetextu
721 4641 818 4710 aliquis
837 4641 910 4694 locus
927 4641 984 4708 ejus
1031 4661 1171 4720 rumpunt,
1189 4653 1324 4725 addendo,
1343 4669 1373 4714 nt
1389 4663 1492 4718 lucrum
1509 4667 1539 4720 in
1558 4672 1686 4738 emendo,
1702 4678 1744 4732 rel
1761 4675 1849 4733 detra-

151 4729 274 4782 lrbsdans
288 4729 499 4799 relinqueretur,
518 4727 572 4783 sid.
591 4729 609 4780 l.
631 4739 654 4781 e.
667 4729 688 4793 §.
706 4725 770 4797 effi
784 4727 818 4780 ale
830 4721 882 4794 off·
891 4739 983 4820 pruef-
1030 4733 1134 4800 luendo,
1154 4747 1184 4790 ut
1202 4739 1232 4792 in
1250 4742 1387 4799 vendendo
1405 4748 1562 4821 obtineant,
1573 4756 1676 4829 soletq;
1689 4759 1733 4814 itio
1751 4763 1847 4820 abusu.

158 4813 231 4866 lude
251 4831 310 4868 mos
328 4813 548 4886 pronunciandi:
572 4811 724 4868 Erlseuneo
742 4809 793 4864 uir·
809 4810 897 4862 denen
914 4819 984 4862 uetes
1033 4818 1234 4878 derdanaristns
1253 4829 1362 4884 nomine
1378 4836 1486 4902 uenire,
1504 4837 1560 4894 aid.
1578 4839 1596 4892 l·
1616 4857 1847 4916 oeconomo-l.
1888 4859 1920 4902 te

151 4915 290 4970 gemuere·
310 4899 340 4953 Si
365 4909 451 4953 umen
476 4910 574 4953 certam
596 4909 622 4952 et
643 4895 815 4950 iubllibilem
839 4894 880 4946 rei
903 4892 984 4946 aliter
1035 4914 1057 4955 t.
1076 4913 1103 4956 ιι
1116 4903 1185 4976 2.sp
1203 4907 1236 4964 de
1251 4917 1392 4969 eaesraonl
1413 4918 1489 4976 erim.
1505 4923 1568 4976 liu
1581 4927 1848 4989 Dardanorum.

152 4993 355 5055 pneumatum
368 4983 478 5036 exactis
495 4992 620 5054 apparet,
638 4980 764 5036 notitiam
782 4979 877 5032 habeut
893 4976 982 5046 judex,
1022 4985 1064 5057 ff.
1076 4987 1198 5059 deporta·
1210 4993 1356 5067 Utriusque
1372 5013 1400 5056 et
1417 5005 1585 5074 magistratus
1597 5019 1625 5064 et
1634 5013 1736 5072 subditi
1753 5015 1850 5074 ebusus

153 5080 178 5122 et
190 5067 376 5122 conscientiae
393 5067 529 5120 consulere
542 5064 616 5130 relit,
631 5079 725 5118 munus
742 5061 881 5133 judicandi
899 5060 983 5114 tutius
1031 5073 1156 5144 punitur,
1176 5076 1253 5132 illius
1271 5081 1395 5150 quidem,
1415 5099 1442 5142 ut
1457 5098 1576 5146 teneatur
1594 5095 1624 5148 ia
1642 5097 1795 5156 subsidium
1814 5103 1852 5158 ad

151 5149 284 5222 deponit,
303 5151 372 5206 sicut
388 5159 417 5202 et
434 5166 496 5220 pars
513 5149 577 5214 illa,
590 5167 655 5220 quse
668 5145 782 5216 iudicem
802 5158 899 5201 certam
917 5144 982 5200 lacti
1031 5156 1157 5214 &munus
1176 5163 1371 5222 resarciendum
1385 5170 1404 5222 1.
1414 5171 1463 5226 ule.
1476 5189 1498 5230 e·
1511 5171 1545 5228 de
1557 5189 1668 5243 sanent.
1684 5181 1760 5252 hujus
1770 5221 1778 5249 ,
1789 5189 1850 5257 ju„

152 5235 283 5288 notitiam
304 5233 401 5287 babere
420 5235 511 5298 norit,
536 5232 639 5287 cautius
663 5243 742 5302 rget,
762 5232 786 5284 si
805 5231 980 5302 oliumpetal
1028 5240 1139 5311 quidem
1164 5243 1240 5298 uirili
1267 5248 1342 5320 dupli
1368 5253 1536 5311 restitutione
1553 5267 1579 5314 et
1601 5261 1762 5332 relegatione
1780 5268 1807 5320 d.
1830 5273 1849 5324 l.

151 5319 293 5388 jndicem,
307 5319 383 5372 illum
399 5335 460 5372 reru
476 5329 607 5388 tamquam
623 5329 712 5372 testem
731 5317 859 5374 nominet.
878 5315 983 5388 Deoiqt
1033 5342 1184 5382 unoooom.
1201 5341 1226 5382 e.
1238 5337 1258 5394 ι.
1272 5342 1297 5386 t.
1311 5345 1338 5387 et
1349 5337 1369 5388 1.
1380 5354 1445 5405 pen.
1457 5345 1479 5402 ς.
1495 5341 1562 5411 ¹·ff·
1575 5343 1852 5424 cdl-curn.dessle.

153 5422 203 5474 per
222 5402 412 5475 consequentia
429 5403 527 5472 judicii
547 5404 630 5474 ipsum
643 5403 710 5457 lutee
723 5403 872 5458 sententiae
889 5419 982 5458 execu·
1030 5407 1163 5464 hodierno
1187 5431 1272 5484 poena
1297 5416 1441 5476 arbitraria
1463 5441 1513 5495 pro
1537 5427 1665 5498 qualitate
1689 5433 1781 5491 delicti
1805 5443 1846 5495 rel

155 5492 264 5544 tionem
277 5489 431 5553 innuimus,
451 5487 479 5540 io
491 5505 541 5557 que
555 5489 578 5540 si
588 5487 671 5556 judex
687 5487 827 5555 ordinem,
841 5505 919 5560 quem
934 5491 983 5543 Ul·
1030 5493 1148 5559 greriori
1161 5499 1200 5552 rel
1214 5501 1371 5556 remissiori.
1382 5505 1728 5592 consulueruntque.
1741 5535 1845 5594 qums.

151 5573 234 5646 pian.
249 5571 276 5624 iu
289 5574 308 5626 l.
323 5593 341 5629 a
354 5572 416 5627 de'oo
437 5573 502 5626 Pio·
524 5583 563 5626 ts.
574 5569 616 5640 ff.
635 5573 669 5626 de
685 5590 714 5626 re
725 5571 789 5646 jud.
807 5572 980 5646 praescribit,
1030 5591 1083 5628 cus.
1101 5589 1161 5632 ιιι.
1176 5581 1222 5636 du.
1243 5583 1332 5640 Praes.
1349 5587 1375 5643 d·
1394 5589 1463 5661 disp.
1480 5611 1503 5648 e.
1518 5607 1543 5651 ι.

316 5728 421 5801 Slryltt't'
441 5729 500 5792 Vol.
520 5729 538 5780 I
541 5727 569 5780 V
567 5762 573 5780 .
1499 5761 1532 5806 η

1893 3530 1924 3571 aa
2023 3519 2035 3537 ²·
