4442 6308
410 369 460 438 tor

990 355 1170 415 DlSPUTA'l‘
1186 359 1233 414 lll.
1252 360 1369 418 CAPUT
1387 363 1434 419 lv.

1947 365 1999 430 4οὸ

346 469 410 524 dens
429 485 487 522 esse
506 478 582 538 puto,
601 459 671 531 qoud
691 455 895 529 privilegiorum
916 452 1104 525 interpretatio
1123 473 1175 510 non
1227 461 1307 512 simul
1327 461 1422 515 radant
1441 462 1470 516 iu
1489 464 1677 531 commissum,
1706 483 1739 520 ne
1766 467 1843 520 unius
1869 466 1945 537 eulpa
1976 465 2056 519 alteri

347 554 388 616 ei,
410 554 451 604 eui
472 551 532 603 rlata
553 557 632 612 sunt,
651 543 697 598 sed
717 562 730 594 a
748 561 800 613 quo
818 542 894 604 data,
909 540 1019 593 omnino
1033 550 1174 611 competat,

344 657 397 709 per
413 638 431 689 l.
454 647 475 687 t.
493 653 516 687 c.
535 631 569 687 de
584 639 652 684 serat.
668 647 740 701 poss.
760 637 786 682 et
804 638 866 680 rest.
884 643 944 697 cop.
970 634 1010 678 tt.
1029 626 1064 678 Χ.
1084 627 1116 679 dr
1125 626 1173 698 ju·

345 719 397 772 die.
416 738 476 790 cup.
496 717 545 771 ult.
564 717 606 786 Ιλ’.
625 715 657 766 de
675 721 765 766 const.
780 729 839 781 cop.
857 723 901 766 st.
922 713 955 762 Χ.
973 712 1006 764 de
1029 721 1096 764 sent.
1124 731 1172 766 ea-

343 803 506 860 communic.
526 801 578 870 Qui
601 799 685 868 igitur
700 795 727 848 id
738 837 746 862 ,
758 795 829 866 quod
843 793 1024 848 benefactoris
1036 807 1103 861 erat,
1118 799 1172 850 sibi

344 899 465 958 arrogat,
485 886 540 938 imo
559 882 687 937 uoluntati
708 883 764 950 ejus
785 880 905 942 resistit,
918 876 1173 936 beneflcioornnino

346 974 469 1027 abutitur.
488 972 583 1024 Fateor·
601 967 725 1040 quidem,
746 965 858 1018 amicam
878 981 935 1018 esse
954 967 1104 1036 privilegiis
1129 969 1172 1020 in·

349 1060 568 1129 terpretatiooem
586 1052 752 1107 extensirarn
766 1052 785 1102 l.
802 1063 824 1102 t.
836 1059 857 1113 t.
872 1055 918 1105 alt.
939 1054 1014 1106 verb.
1033 1055 1119 1108 lotr'or
1130 1059 1173 1108 ἰη-

344 1145 505 1215 terpretatr'o
515 1143 601 1212 sorta
619 1151 665 1193 est.
675 1135 718 1207 ff.
736 1136 854 1191 demur.
869 1138 887 1190 1.
902 1147 943 1189 rt.
947 1135 990 1207 ff.
1003 1139 1036 1190 de
1038 1139 1097 1211 jur.
1112 1137 1171 1192 dor.

348 1229 366 1280 l.
387 1237 409 1280 t.
419 1226 460 1298 Ι
478 1225 511 1280 de
520 1225 617 1296 fundo
636 1223 692 1276 dot.
711 1212 835 1293 l.'penul.'
847 1229 869 1284 ς.
886 1234 908 1274 t.
921 1241 943 1275 c.
958 1222 1053 1276 adsct.
1067 1225 1171 1279 maced.

346 1331 457 1383 eamque
474 1311 583 1366 concedi
603 1309 663 1373 illi,
681 1307 722 1359 cui
743 1323 864 1359 cooeem
884 1315 947 1358 sunt
964 1305 1122 1376 prisilegia,
1142 1308 1169 1362 in

347 1397 365 1450 l.
384 1396 496 1468 benefic.
517 1408 541 1448 t.
550 1393 591 1464 ffi
610 1393 643 1447 de
660 1400 748 1445 curret.
762 1392 852 1462 princ.
872 1407 931 1459 cop.
951 1407 1012 1440 cunr
1032 1390 1130 1442 dilecti.
1147 1405 1172 1444 t.

345 1483 381 1535 Χ.
401 1481 433 1536 de
451 1484 515 1536 dora.
534 1498 594 1549 sup.
615 1489 656 1530 tt.
676 1479 711 1529 X.
730 1475 763 1528 de
776 1474 846 1547 pria.
862 1475 915 1526 Sed
930 1473 962 1526 de
975 1474 1021 1525 illa
1037 1474 1170 1546 interpre-

343 1571 441 1625 tatione
461 1567 489 1619 id
509 1564 729 1635 intelligendum,
750 1577 802 1615 non
820 1575 887 1631 quae
904 1558 936 1612 ad
955 1559 1097 1612 arbitrium
1124 1579 1171 1613 no-

344 1665 445 1720 strum,
466 1669 557 1706 rerum
576 1665 642 1720 quae
668 1661 701 1700 ea
728 1645 832 1715 legibus
851 1655 877 1697 et
896 1645 1044 1716 praeceptis
1056 1646 1169 1714 judicio·

294 1783 297 1790 .
343 1755 395 1807 que
413 1735 583 1790 concedentis
601 1729 643 1786 bt.
663 1731 806 1786 posteriori
826 1730 918 1795 modo,
938 1731 999 1784 dum
1014 1734 1075 1802 quis
1087 1733 1170 1801 priri-

344 1825 414 1893 legio
432 1822 473 1878 ael
491 1823 520 1874 in
547 1819 674 1872 damnum
709 1818 796 1882 tertii,
820 1818 861 1871 rel
884 1816 970 1886 ipsius
996 1821 1169 1872 concedentis

342 1911 444 1976 utitur,
462 1907 536 1961 abuti
556 1923 616 1960 eum
636 1905 706 1956 nulla
727 1903 812 1956 lerme
830 1903 986 1974 probatione
1006 1913 1081 1973 eget,
1108 1923 1168 1956 enm

345 1994 475 2050 uoluntati
493 1989 663 2046 concedentis
680 1989 793 2042 omnino
806 1987 985 2040 contrarietur
996 2011 999 2036 ι
1011 1989 1111 2058 quippe
1121 1989 1169 2058 qui

342 2097 396 2134 non
416 2077 529 2134 soluisse
548 2073 727 2147 praesumitur
746 2075 774 2125 in
793 2075 944 2142 crrjusquaru
972 2073 1100 2136 injuriam
1128 2073 1168 2126 be-

345 2161 441 2216 neficia
462 2161 579 2215 tribuere
597 2160 615 2211 l.
636 2169 659 2210 t.
678 2177 699 2212 c.
720 2155 826 2227 deside
844 2168 871 2210 et
881 2157 942 2229 jur.
961 2156 1058 2210 lastae
1076 2167 1102 2210 et
1115 2175 1137 2210 c.
1150 2158 1167 2211 l.

346 2262 389 2303 to.
405 2266 463 2300 cum
482 2256 581 2318 pugnet
604 2262 664 2298 euru
690 2245 820 2314 aequitate
849 2243 980 2305 naturali,
1011 2243 1166 2312 locupletari

340 2335 495 2406 quempiam
515 2349 576 2385 cum
595 2329 705 2383 alterius
724 2329 822 2382 damno
840 2329 859 2381 l.
883 2339 921 2378 tt.
932 2325 975 2396 Ι.
994 2328 1025 2382 de
1049 2328 1166 2380 condiet.

341 2421 429 2476 indeb.
449 2419 534 2470 multo
557 2414 645 2468 minus
672 2415 701 2468 iu
728 2412 854 2466 damnum
881 2427 975 2474 suurn,
1001 2429 1061 2464 cum
1087 2427 1167 2463 nemo

247 2541 250 2546 ,
342 2510 524 2575 praesumetur
543 2509 634 2552 contre
653 2497 765 2570 propria
782 2496 903 2552 laborare
921 2495 1058 2549 commoda
1072 2512 1128 2564 arg.
1147 2494 1165 2545 l.

344 2601 368 2642 t.
376 2587 417 2656 Ι.
434 2585 468 2640 de
486 2595 591 2640 tertam.
611 2583 688 2636 milit.

379 2675 528 2742 Utrumque
540 2671 663 2740 exemplo
676 2667 765 2737 aliquo
777 2665 891 2726 declaro:
903 2663 977 2736 prius
988 2663 1097 2732 quidem
1108 2664 1165 2732 pri·

343 2761 440 2832 vilegio
459 2755 641 2827 exemptionis
659 2755 692 2808 als
710 2753 854 2806 occisarum
872 2767 981 2803 ouerea
995 2746 1167 2800 serenissimo

341 2847 454 2901 electore
471 2839 721 2910 brandenburgensi
743 2835 877 2890 ministris
896 2834 1040 2898 ecclesiae,
1053 2833 1166 2897 scholae,

341 2932 455 3003 aliisque
474 2925 583 2982 indulto.
603 2928 676 2990 llos,
695 2941 755 2978 eum
774 2923 865 2994 procul
885 2919 969 2973 dubio
986 2918 1019 2970 ad
1039 2935 1082 2970 eas
1109 2929 1166 2970 tan-

341 3031 398 3072 tum
419 3033 477 3078 res,
495 3029 560 3083 quas
587 3011 619 3066 ad
652 3027 725 3063 suam
758 3023 919 3077 suorumque
945 3007 1164 3060 sustentationem

341 3104 424 3174 exigit
442 3100 595 3167 necessitas,
610 3097 646 3150 sit
660 3091 890 3164 restringendum,
919 3091 927 3144 i
941 3101 1034 3144 contra
1052 3087 1167 3142 serenia-

343 3192 406 3248 simi
423 3189 543 3245 electoris
562 3185 719 3239 voluntatem
737 3180 769 3235 ad
790 3198 833 3233 eas
852 3179 950 3243 etiam,
975 3174 1074 3248 quibus
1096 3193 1164 3227 eom·

342 3275 442 3331 inercia
460 3286 583 3328 exercere
601 3273 758 3338 lucrumque
777 3283 856 3336 saepe
874 3281 935 3316 cum
956 3261 1092 3324 muueris,
1123 3258 1161 3311 di·

343 3363 506 3433 gnitatisque
525 3375 586 3412 suae
604 3353 747 3428 dispendio
766 3367 892 3422 quaerere
910 3348 1009 3409 solent,
1022 3346 1106 3400 relint
1119 3362 1164 3398 ex·

343 3447 467 3510 tendere,
487 3439 645 3516 privationis
666 3453 776 3509 poenam
795 3429 1033 3486 dictitatordioat.
1047 3427 1162 3481 Accisar.

344 3532 378 3584 ‹le
396 3550 438 3584 an.
456 3541 531 3583 teto.
545 3530 586 3579 tr't.
608 3536 647 3577 tt.
664 3533 717 3574 nrt.
738 3530 762 3572 t.
787 3518 907 3574 Wardea
926 3517 995 3570 aber
1012 3513 1100 3584 einige
1113 3530 1164 3567 naa

340 3615 431 3668 tranet
442 3613 491 3666 (ler
513 3609 676 3665 Geistlicltrn
697 3605 756 3660 und
771 3603 995 3658 schutterttearea
1010 3601 1163 3664 Aclrerdnu,

343 3701 424 3755 Brea
442 3696 511 3752 oder
536 3695 640 3750 andere
670 3691 847 3761 Brtrgerlr'cie
875 3689 1013 3757 Νώναις
1040 3686 1163 3749 maiheu,

341 3787 411 3839 erreis
431 3784 497 3837 Bier
516 3778 712 3836 ausscltenclren
732 3776 837 3838 laesere,
857 3773 946 3828 lraben
970 3771 1009 3823 sie
1030 3771 1086 3822 arcis
1114 3769 1163 3824 do·

341 3871 427 3926 durch
441 3867 522 3922 dieses
536 3863 664 3942 beneficii
674 3862 748 3914 ilrrer
760 3859 918 3930 Brsreyung
932 3858 1059 3927 rerlurtig
1069 3874 1162 3925 gema-

344 3957 396 4013 etr.
413 3953 549 4010 Posterius
561 3968 622 4006 sero
635 3967 681 4022 per
694 3948 805 4002 abusum
826 3945 964 4017 privilegii
981 3943 1056 3996 illius
1075 3943 1163 3996 decla·

342 4063 391 4108 ro,
409 4059 461 4113 qno
479 4039 508 4091 in
527 4037 661 4110 plerisque
674 4026 829 4104 regionibus
840 4032 945 4085 nobiles
957 4047 971 4081 a
983 4028 1164 4098 rectigalium,

339 4143 388 4197 pro
408 4125 485 4179 rebus
505 4122 534 4174 ln
554 4119 674 4191 praediis
692 4119 747 4172 suis
768 4117 838 4170 natis
856 4131 886 4168 ae
905 4115 933 4168 in
952 4115 1003 4166 alia
1026 4117 1082 4167 loca
1106 4132 1165 4168 reu·

341 4209 423 4262 deodi
435 4225 512 4261 rausa
529 4204 689 4276 exportatis,
710 4205 839 4258 solutione
858 4203 991 4254 immunes
1008 4201 1166 4253 redduntur.

342 4295 415 4367 Quid
434 4295 457 4348 si
475 4293 574 4348 nobilis
593 4291 674 4344 simul
693 4291 854 4343 rusticorum
873 4287 978 4341 fructus
990 4287 1056 4338 olam
1070 4300 1166 4355 expor-

340 4391 393 4445 tet,
413 4397 476 4432 num
497 4389 628 4449 comperta
646 4375 739 4429 lentule
751 4393 793 4428 res
807 4374 968 4428 rusticorum
982 4372 1063 4425 simul
1076 4387 1106 4423 ne
1118 4389 1165 4424 no-

340 4465 407 4518 bilis
425 4465 517 4518 eadent
535 4463 563 4514 in
583 4456 773 4515 commissum?
792 4459 823 4510 ld
842 4454 979 4510 affirmare
1005 4457 1094 4510 nullus
1117 4459 1166 4510 du-

342 4547 417 4600 bito:
438 4545 523 4599 tendit
542 4546 613 4598 enirn
628 4543 673 4596 bie
686 4543 783 4595 abusus
796 4559 849 4594 aron
865 4541 896 4592 ad
912 4542 1039 4607 injuriam
1051 4552 1078 4594 et
1089 4559 1164 4614 prae-

341 4631 470 4700 judicium
485 4631 558 4684 tertii
573 4639 691 4692 tautum,
711 4627 773 4680 dum
795 4626 892 4696 reliqui
913 4627 1016 4680 subditi
1035 4625 1164 4680 delicien-

342 4717 414 4770 tibus
438 4717 602 4786 uectigalium
622 4711 772 4768 redditibus
791 4713 824 4766 ad
848 4713 1025 4783 supplendum
1051 4727 1096 4766 eos
1119 4731 1167 4783 per

282 4827 285 4836 =
340 4817 421 4854 onera
439 4799 651 4852 extraordinaria
671 4800 879 4868 compellantur;
900 4797 1017 4867 principi
1031 4798 1111 4850 etiarn
1124 4800 1165 4866 jus

340 4905 415 4939 sunm
436 4887 628 4940 intervertitur.
649 4884 773 4947 Accedit,
792 4882 861 4954 qnod
882 4883 905 4936 si
922 4884 1081 4936 rusticorum
1095 4901 1163 4936 mer·

340 4989 383 5023 ces
403 4982 501 5025 tantum
520 4971 643 5023 caderent
662 4967 689 5020 in
708 4967 896 5032 commissum,
919 4969 1018 5020 nobilis
1038 4985 1098 5022 sero
1112 4987 1166 5022 ma·

340 5065 436 5108 nerent
456 5057 553 5120 salsae,
574 5054 654 5106 troius
674 5053 801 5107 delictum
823 5063 927 5108 tanturn
945 5054 1108 5123 puniretur,
1127 5055 1164 5107 al-

342 5140 426 5192 terius
444 5150 536 5193 contra
556 5139 716 5209 aequitatem
735 5139 882 5194 naturalem
900 5149 929 5192 et
946 5140 1093 5194 utilitatem
1112 5157 1163 5210 pet·

342 5223 439 5276 blicam
459 5235 578 5278 maneret
602 5223 768 5296 impunitum
794 5241 853 5296 arg.
872 5225 889 5277 l.
910 5235 954 5278 tt.
979 5232 1000 5288 ς.
1029 5235 1053 5276 a.
1075 5223 1109 5293 ff.
1130 5227 1165 5280 da

340 5307 477 5378 publicare.
498 5307 621 5380 intelligo
639 5325 699 5363 rero
718 5309 782 5376 hoe,
804 5311 827 5364 si
846 5310 906 5381 lpse
923 5309 1024 5363 nobilis
1042 5309 1164 5366 iraurlare

1226 553 1334 606 nonest,
1354 544 1441 598 suaa.
1462 545 1549 617 adst.
1568 566 1659 602 exere.
1681 561 1723 603 as.
1741 551 1778 602 tle.
1798 563 1841 602 so.
1860 549 1942 604 Attae
1963 567 2053 605 exem-

1224 625 1298 694 plum
1317 626 1346 680 in
1365 623 1525 696 opificibus,
1551 632 1648 700 quibus
1672 635 1779 704 collegii
1803 638 1847 704 jus
1872 635 2052 706 permissum,

1224 709 1277 762 rid.
1296 710 1366 781 apud
1383 713 1455 764 Mes.
1472 733 1500 784 p.
1521 725 1546 766 2.
1565 716 1591 768 d.
1614 729 1672 770 ttt.

1260 795 1300 848 bb
1319 797 1402 851 abusu
1418 800 1486 868 juris
1505 816 1539 852 ex
1558 801 1698 870 privilegio
1715 801 1829 872 quaesiti
1844 801 1971 856 transitus
1985 800 2050 854 iaci·

1222 878 1258 931 lis
1277 888 1351 950 patet
1369 881 1402 932 ad
1427 883 1537 934 abusum
1564 885 1631 951 juris
1664 903 1696 938 ex
1727 886 1898 938 concessione
1921 887 2052 956 regalium

1220 965 1348 1036 quaesiti:
1367 981 1428 1020 cum
1442 967 1584 1040 privilegio
1598 970 1753 1039 acquirendi
1769 971 1867 1040 regalia
1882 970 1991 1023 modum
2006 970 2052 1023 dd.

1221 1053 1425 1116 corretitueriut,
1457 1054 1534 1125 eique
1561 1056 1785 1110 immemorialem
1808 1055 2049 1127 praescriptionem

1222 1137 1327 1191 asnaa
1347 1140 1514 1192 samsom.
1533 1141 1587 1210 Qut
1607 1153 1693 1196 amaa
1713 1144 1808 1196 maura
1823 1141 1902 1195 ιοιιι
1915 1142 2051 1194 sarsana.
2095 1127 2106 1162 ²

1222 1232 1262 1273 tus
1282 1221 1391 1291 imperii
1413 1225 1684 1292 romano-germanici
1705 1243 1798 1294 parurn
1816 1223 2049 1296 ampliusridetar

1221 1307 1342 1372 attendi,
1361 1316 1500 1378 postquam
1516 1311 1575 1378 jura
1591 1310 1722 1362 territorii
1737 1320 1813 1372 nata,
1827 1309 1859 1362 de
1873 1308 1981 1380 mribus,
1991 1308 2050 1362 rial.

1222 1389 1309 1444 Boecl.
1328 1393 1358 1446 in
1376 1402 1434 1446 not.
1452 1412 1474 1446 s.
1493 1409 1514 1444 r.
1531 1393 1553 1463 1⁸.
1573 1394 1591 1446 l.
1612 1406 1635 1446 t.
1654 1411 1678 1447 c.
1698 1407 1722 1447 a.
1735 1394 1936 1462 'territorioque
1949 1393 2050 1462 regalia

1220 1471 1303 1528 allexa
1321 1486 1400 1540 sunt,
1417 1487 1444 1530 ut
1462 1495 1522 1530 oum
1543 1495 1574 1532 eo
1592 1477 1626 1530 ael
1644 1495 1807 1532 antecessores
1819 1477 2049 1532 trrrrsaaittautur.

1221 1560 1292 1613 llaec
1310 1571 1398 1614 autem
1419 1562 1547 1630 regalium
1565 1561 1704 1616 concessio
1713 1561 1780 1614 iacta
1792 1562 1904 1616 statibus
1917 1578 1977 1614 eum
1994 1580 2049 1615 uon

1221 1659 1312 1712 parum
1332 1662 1464 1698 summam
1484 1647 1514 1698 iu
1535 1647 1649 1718 imperio
1669 1655 1762 1700 nostro
1782 1646 1952 1717 imperatoris
1972 1657 2050 1716 pote-

1220 1738 1314 1782 statem
1332 1731 1448 1795 limitet,
1468 1730 1612 1802 eademque
1631 1731 1821 1784 strictissiauae
1842 1733 2049 1800 interpretatio·

1219 1815 1263 1868 nis
1282 1833 1340 1870 esse
1358 1817 1445 1870 reliot
1462 1817 1508 1868 dd.
1527 1835 1600 1886 regn.
1621 1816 1723 1872 Siatiu.
1741 1818 1771 1872 in
1792 1828 1825 1868 tr.
1845 1815 1878 1870 de
1895 1833 1950 1885 reg.
1974 1818 1991 1869 l.
2024 1830 2045 1870 t.

1218 1919 1241 1953 c.
1261 1913 1285 1953 t.
1304 1921 1332 1952 n.
1353 1912 1395 1956 et.
1414 1920 1429 1954 a
1446 1903 1555 1956 statibus
1575 1913 1652 1956 naute
1672 1902 1719 1955 illa
1736 1903 1895 1965 exercenda,
1908 1899 2050 1973 (praeser-

1219 1985 1268 2038 tim
1288 1987 1311 2039 si
1329 1989 1386 2055 ejus
1405 1987 1563 2040 exercitium
1582 1987 1780 2058 quodammodo
1795 1987 1886 2040 tendat
1899 1987 1927 2038 in
1942 2003 2050 2058 praeru-

1219 2068 1318 2122 dicium
1338 2069 1489 2124 vicinorum
1509 2071 1591 2125 etita
1616 2074 1692 2140 quasi
1720 2083 1797 2126 extra
1826 2071 1992 2126 territorium
2023 2085 2053 2124 se

1217 2151 1326 2206 effectus
1344 2152 1514 2222 diffundat,)
1535 2157 1587 2208 uisi
1609 2168 1718 2230 propter
1735 2157 1845 2210 abusum
1866 2155 1960 2210 iisdem
1996 2157 2051 2226 pri·

1219 2236 1274 2288 rari
1293 2238 1382 2290 velint
1402 2238 1456 2293 sid.
1474 2258 1539 2311 quos
1559 2259 1654 2310 magno
1681 2259 1792 2296 numero
1816 2241 1909 2309 allegat
1933 2239 2048 2292 Conrad.

1216 2323 1249 2374 als
1268 2324 1397 2378 einsiedel
1415 2334 1450 2376 tr.
1469 2325 1502 2378 rle
1519 2327 1604 2396 regal.
1623 2345 1646 2381 c.
1665 2337 1688 2380 t.
1710 2347 1738 2380 n.
1756 2337 1812 2379 tat.
1828 2337 1855 2379 et
1870 2325 1999 2394 Carpser-
2012 2336 2050 2380 tr.

1216 2406 1249 2460 de
1267 2409 1352 2476 regal.
1369 2425 1392 2461 e.
1414 2421 1437 2460 t.
1457 2411 1518 2482 oplr·
1539 2423 1564 2462 e.
1583 2412 1777 2482 inexemplum
1793 2411 1858 2465 illud
1875 2411 2051 2478 regateaooo,

1214 2492 1284 2561 quod
1305 2495 1346 2560 jus
1367 2495 1520 2548 monetandi
1539 2494 1647 2562 dicunt,
1664 2499 1740 2564 cujus
1757 2498 1855 2550 abusus
1874 2507 1971 2552 tantam
1989 2497 2047 2548 cla·

1215 2579 1274 2630 dem
1296 2579 1398 2646 patriae
1415 2589 1520 2634 nostrae
1539 2581 1664 2635 haetenus
1683 2583 1800 2646 indixit,
1821 2592 1848 2635 et
1865 2583 1908 2634 cui
1929 2580 2051 2634 tollendo

1214 2665 1320 2716 assidue
1340 2666 1511 2736 imperatoris
1530 2675 1699 2736 statuumque
1716 2685 1794 2720 surae
1807 2666 1925 2718 nondum
1940 2664 2052 2718 inerunt

1215 2768 1307 2819 pares,
1326 2749 1395 2804 sorte
1413 2751 1447 2805 ob
1466 2754 1522 2820 ejus
1547 2761 1718 2814 vetustatem,
1747 2761 1949 2822 temporumque
1973 2767 2052 2820 prae·

1216 2837 1333 2888 sentium
1352 2837 1539 2891 calamitatem·
1557 2836 1629 2888 otim
1643 2837 1752 2908 quidem
1766 2837 1794 2889 in
1809 2836 1924 2906 irnperio
1938 2853 2050 2892 romam
2092 2845 2122 2884 Η
2172 2893 2178 2896 ,

1216 2923 1301 2990 regale
1320 2922 1407 2976 istbue
1425 2939 1505 2993 peues
1522 2939 1581 2974 eunt
1601 2923 1701 2985 solum,
1720 2923 1766 2990 qui
1797 2922 1959 2992 reipublicae
1984 2938 2046 2976 cum

1215 3023 1317 3058 summa
1335 3016 1465 3077 potestate
1484 3016 1619 3079 praeerat,
1638 3016 1666 3059 et
1680 3006 1708 3058 in
1736 3014 1806 3060 statu
1819 3006 1928 3077 quidem
1943 3024 2049 3062 monar-

1215 3091 1291 3146 cbico
1312 3109 1393 3163 penes
1412 3092 1482 3146 solos
1501 3095 1676 3163 imperatores
1694 3089 1779 3146 inisse
1797 3111 1835 3148 ea
1860 3093 1877 3148 l.
1907 3107 1930 3147 a.
1950 3091 1990 3165 Ι.
2011 3095 2052 3148 ad

1214 3178 1232 3228 l.
1251 3177 1354 3230 errant.
1373 3175 1486 3246 desole.
1505 3179 1524 3230 1.
1545 3193 1568 3232 s.
1588 3185 1610 3240 t.
1632 3190 1656 3229 t.
1666 3175 1707 3246 Ι.
1722 3179 1761 3232 nd
1776 3179 1794 3230 l.
1806 3179 1870 3250 jul.
1886 3180 2004 3251 meaios.
2023 3179 2045 3230 t

1217 3273 1241 3312 a.
1260 3279 1283 3314 c.
1302 3261 1416 3332 desiste.
1433 3272 1534 3315 monet.
1554 3280 1607 3316 nou
1626 3264 1738 3317 obscure
1755 3265 1900 3334 colligitur.
1914 3264 2045 3332 Transiit,
2086 3267 2122 3306 ³²

1214 3344 1253 3397 uti
1272 3348 1361 3397 omnis
1381 3347 1518 3412 majestas,
1538 3347 1576 3398 ita
1596 3357 1700 3400 etcum
1719 3365 1748 3400 ea
1760 3351 1802 3416 jus
1816 3349 1965 3404 monetandi
1980 3369 2042 3403 cum

1214 3431 1329 3499 irnperio
1346 3430 1380 3482 ad
1404 3445 1560 3500 germanos,
1585 3431 1684 3502 dinque
1708 3453 1723 3486 a
1749 3434 1814 3488 solis
1839 3435 2048 3506 imperatoribus

1213 3517 1371 3568 exercitum.
1391 3516 1535 3584 Postquam
1554 3527 1640 3570 autem
1660 3519 1772 3572 eornites
1785 3518 1842 3586 illi,
1856 3539 1921 3590 quos
1935 3520 2046 3576 Caralim
2087 3523 2123 3566 ³³

1214 3619 1240 3654 ra
1269 3600 1384 3670 singulis
1402 3620 1418 3653 a
1436 3619 1463 3654 se
1477 3600 1617 3656 debellatis
1629 3603 1792 3658 Gerrmrniae
1806 3605 1962 3676 provinciis,
1977 3616 2047 3659 tam·

1213 3703 1291 3756 quam
1309 3685 1539 3739 administratores
1557 3687 1737 3757 praefecerat,
1756 3691 1875 3746 extincta
1892 3691 1982 3746 Caroli
2009 3711 2048 3746 m.

1214 3772 1288 3844 prole
1306 3771 1445 3824 districtus
1463 3772 1516 3826 sibi
1536 3777 1694 3829 commissos
1712 3775 1821 3847 proprio
1834 3779 1892 3845 jure
1906 3778 2047 3848 possidere

1214 3865 1372 3930 coeperunt,
1391 3859 1560 3928 eos-juribus
1579 3861 1621 3912 rel
1640 3861 1729 3929 gladio
1747 3865 1787 3916 sul
1808 3863 1939 3918 beneficio
1958 3865 2044 3933 irnpe-

1215 3953 1336 3996 ratoram
1354 3954 1447 3997 contra
1461 3941 1616 4015 pontibeunr
1631 3962 1801 4000 romanorum
1814 3948 1931 4002 malitias
1945 3966 1975 4001 ea
1988 3967 2045 4002 mu·

1214 4026 1354 4083 uibrantia
1381 4029 1512 4083 auxilium
1537 4031 1739 4100 quaerentium,
1766 4034 1906 4103 acquisitis
1931 4032 2046 4088 adauae·

1215 4128 1287 4171 runt.
1308 4117 1398 4170 Donec
1416 4127 1444 4170 et
1462 4115 1568 4189 proinsa
1587 4118 1778 4187 imperatorum
1799 4119 1937 4173 secederet
1961 4119 2046 4174 doira·

1215 4203 1265 4262 tio,
1285 4202 1372 4254 Caroli
1394 4201 1521 4273 inprimis
1541 4203 1596 4265 tv,
1615 4204 1661 4271 qui
1681 4205 1817 4257 concessis
1835 4205 1957 4274 pluribus
1970 4221 2045 4275 rega·

1214 4288 1286 4341 libus
1305 4289 1429 4358 interque
1448 4289 1494 4339 illa
1514 4287 1592 4340 etiam
1611 4289 1670 4357 jure
1702 4289 1857 4341 monetandi
1887 4291 2048 4345 electoribus

1215 4375 1243 4428 in
1257 4393 1280 4426 a.
1296 4374 1322 4426 b.
1334 4391 1357 4425 c.
1374 4383 1414 4426 to.
1428 4389 1502 4442 spem
1518 4373 1692 4425 auceessiauis
1706 4374 1734 4425 in
1751 4373 1869 4444 imperio
1882 4373 1941 4428 lilio
1956 4379 2048 4430 Weu·

1214 4459 1299 4512 ceslao
1316 4458 1393 4510 eruit.
1413 4455 1455 4508 tt>
1473 4473 1503 4508 eo
1522 4466 1643 4527 tempore
1660 4458 1692 4510 ad
1712 4459 1804 4530 plures
1823 4459 1934 4531 imperil
1960 4473 2044 4517 status

1215 4543 1313 4614 partim
1332 4541 1490 4595 liberalitate
1507 4541 1718 4613 imperatorum,
1737 4545 1835 4615 partim
1851 4549 2044 4618 praescriptiu-

1216 4645 1248 4680 ne
1267 4625 1456 4680 immemoriali
1475 4629 1562 4696 regale
1580 4627 1669 4682 istbeu
1686 4630 1821 4700 persenit,
1834 4631 1871 4685 ita
1883 4632 2004 4702 quidem,
2017 4643 2046 4687 ut

1215 4711 1297 4764 bodie
1315 4712 1405 4764 nullus
1422 4711 1531 4782 imperii
1559 4722 1644 4766 status
1670 4714 1838 4780 inveniatur,
1860 4717 1908 4786 qui
1933 4735 1965 4772 eo
1990 4737 2045 4772 non

1214 4798 1334 4868 gaudeat.
1354 4797 1427 4866 Quin
1447 4807 1471 4850 et
1488 4796 1607 4867 privatos
1625 4798 1691 4851 olim
1712 4801 1761 4852 boe
1780 4802 1823 4868 jus
1840 4819 1998 4872 usurpasse,
2011 4821 2046 4856 ea

1215 4884 1322 4956 capital.
1339 4899 1437 4938 caesar.
1456 4881 1486 4934 in
1504 4881 1603 4952 quibus
1620 4899 1647 4938 se
1665 4885 1768 4938 neaniai
1788 4886 1843 4938 nisi
1855 4903 1916 4938 eum
1929 4905 2045 4941 eonsen-

1214 4987 1246 5023 sn
1265 4971 1406 5024 electorum
1425 4969 1474 5022 hoc
1494 4970 1535 5035 ins
1554 4970 1669 5039 amplius
1687 4987 1861 5026 concessuros
1880 4971 1960 5026 bodie
1982 4991 2045 5043 pro-

1214 5053 1338 5118 mittunt,
1357 5053 1398 5106 nti
1416 5071 1450 5108 ex
1470 5053 1555 5106 lintei.
1566 5056 1609 5124 ,de
1628 5067 1729 5110 monet.
1750 5068 1776 5110 et
1793 5072 1823 5109 re
1838 5075 1976 5112 notamur.
1993 5058 2046 5110 tta-

1214 5140 1346 5193 sileenaes
1362 5141 1421 5192 ool·
1442 5152 1465 5192 s.
1483 5139 1548 5209 drap.
1570 5151 1593 5191 t.
1611 5142 1698 5194 conci.
1725 5155 1770 5197 ta.
1791 5141 1831 5194 lit.
1847 5141 1878 5212 s
1904 5154 2044 5196 annotant.

1215 5223 1283 5277 bdd.
1301 5223 1378 5294 capit.
1397 5222 1522 5297 Leopold.
1542 5233 1593 5278 ort.
1616 5236 1657 5278 tt.
1677 5227 1814 5296 Quantum
1834 5235 1921 5280 antem
1940 5231 2045 5297 proni·

1213 5324 1272 5363 seua
1291 5308 1388 5379 regalis
1407 5307 1485 5375 hujus
1509 5308 1648 5379 usurpatio
1673 5313 1730 5380 ejus
1753 5309 1881 5380 diguit'ati
1909 5313 2042 5376 detraxit,

343 5395 451 5464 rectigal
470 5393 598 5460 soluerit,
617 5395 777 5450 rusticorum
797 5394 1066 5448 ressubsuissimul
1082 5406 1166 5450 trans·
1216 5404 1315 5448 tantum
1334 5393 1443 5446 abusam
1462 5393 1546 5446 etism
1564 5393 1683 5465 peperit,
1708 5413 1759 5465 quo
1785 5395 1966 5449 emolumento
1993 5415 2043 5450 no·

342 5479 486 5550 portando,
505 5479 545 5532 sie
562 5479 634 5533 euim
655 5479 713 5550 ipae
738 5480 834 5534 merito
858 5481 945 5554 etiam
958 5479 988 5533 in
1007 5479 1063 5534 suis
1086 5481 1166 5534 rebus
1215 5490 1283 5534 strae
1301 5478 1467 5550 reipublicae
1485 5479 1509 5532 is
1528 5478 1605 5534 iacile
1623 5481 1794 5550 cogitaverit,
1814 5483 1864 5554 qai
1882 5486 2043 5554 perpendet,

301 5584 305 5598 ·
345 5583 455 5637 poenam
474 5563 567 5618 sentit.
587 5565 681 5630 blind,
701 5564 724 5618 si
742 5566 802 5638 ipse
820 5567 934 5621 rusticus
954 5565 1029 5617 illam
1044 5565 1165 5620 fraudem
1215 5565 1376 5620 commerata
1404 5578 1465 5616 esse
1486 5565 1564 5634 qnasi
1591 5566 1749 5637 sauguinem
1772 5571 1830 5637 ejus
1854 5577 1885 5622 at
1913 5587 2044 5632 uersum,

343 5649 482 5715 adhibeat,
501 5651 541 5704 sic
560 5651 633 5704 enim
653 5651 778 5722 iniquum
797 5651 882 5717 ioret,
901 5667 946 5705 res
965 5651 1065 5706 nobilis
1091 5651 1166 5722 igno·
1215 5667 1294 5720 quern
1312 5647 1408 5701 abusus
1426 5645 1497 5702 eirea
1509 5651 1668 5704 monetandi
1681 5653 1723 5719 ius
1736 5653 1897 5708 commissas
1910 5655 2045 5725 praescio·

344 5735 430 5788 rautis
450 5732 568 5790 fraudem
588 5736 668 5790 simol
687 5733 826 5790 iubarum
845 5751 953 5809 rapere3
973 5753 1021 5790 nec
1039 5737 1167 5792 enimsic
1216 5734 1267 5788 dit.
1294 5733 1346 5788 sid.
1368 5734 1643 5802 Mean-pratariam
1668 5738 1805 5793 ,started
1830 5757 1866 5792 aa
1895 5741 2048 5810 Augrparp

343 5839 386 5875 rea
406 5821 612 5877 nuneseelatae
630 5818 740 5878 efficere
758 5833 885 5894 possunt,
910 5832 941 5877 ut
963 5837 1005 5877 res
1035 5822 1167 5876 immunes
1218 5837 1265 5872 an.
1289 5829 1367 5874 teta.
1384 5819 1411 5874 d.
1433 5829 1475 5873 to.
1494 5819 1575 5891 april.
1594 5820 2045 5895 tat.martai')rero..lndemdra
