4396 6286
192 315 240 368 111

791 304 973 366 1111810110
991 303 1179 362 Euctusto

1726 320 1778 372 282

147 409 416 488 principismaiestas
435 407 501 474 init,
519 427 598 480 quam
618 407 679 463 ideo
699 424 779 461 manu
798 405 890 459 divina
919 400 957 455 ie·
1009 399 1090 455 bodie
1106 402 1192 455 adbuc
1211 404 1354 474 resumsit,
1373 408 1444 479 quod
1457 410 1490 466 ab
1504 411 1639 486 iis,quae
1649 413 1682 469 de
1696 432 1771 472 mero
1784 433 1833 472 m.

147 507 211 549 etam
235 509 289 546 non
315 494 391 564 pauci
418 493 591 564 imperatores
617 492 759 564 aliquoties
781 489 960 559 indigitatum
990 496 1097 556 ,censio
1116 488 1306 560 disposuerunt
1324 496 1409 564 leges,
1427 501 1462 554 ad
1481 504 1523 570 jus
1541 521 1616 558 cem
1634 506 1729 560 rubrae
1753 522 1829 577 regu.

146 597 191 650 per
207 575 312 629 literas:
330 587 365 630 et.
383 593 419 626 nr.
438 575 463 628 d.
482 593 546 646 quas
564 577 757 648 subscriptioni
771 575 958 645 rescriptorum
1010 573 1123 626 mentori
1141 573 1291 643 possimus,
1309 595 1369 632 curn
1389 581 1479 639 eadem
1499 586 1527 639 in
1544 589 1603 656 jure
1620 604 1696 643 cerae
1718 589 1830 656 rubrae,

145 661 306 735 praemittere
323 672 525 726 consueverant,
543 660 597 716 tid.
616 661 729 716 Barnab.
750 659 869 714 Brissou.
894 657 957 711 diet.
1008 675 1074 726 quse
1093 659 1121 711 in
1140 673 1214 712 sacro
1232 671 1357 716 encausto
1376 665 1562 736 dispositionis
1574 672 1640 728 ratio
1653 672 1772 727 militare
1787 675 1826 728 ri-

144 746 192 799 lcc.
211 743 344 797 Saimutb.
362 743 401 795 od
418 741 571 800 Panctrott.
596 743 747 800 memorab.
777 757 831 798 rer.
852 741 961 813 deperd.
1011 740 1114 796 deutur.
1132 743 1239 815 Quippe
1257 746 1386 800 succeseit
1403 749 1484 805 bodie
1502 753 1532 806 in
1555 755 1647 808 locum
1661 757 1834 812 sacriencau·
1870 782 1903 823 ts

143 828 167 882 d.
181 845 209 895 p.
232 838 253 878 t.
273 827 314 880 er't.
335 837 360 879 a.
376 845 406 896 p.
428 838 469 882 tt.

1010 828 1046 878 sti
1066 827 1118 880 iste
1136 845 1205 894 mos,
1224 838 1256 883 ot
1273 831 1408 902 principes
1428 835 1457 889 iu
1471 839 1608 909 rescriptis
1619 842 1688 906 suis,
1702 843 1827 914 praepri-

176 912 247 964 iiaec
265 910 298 964 de
315 923 438 965 encausto
456 927 546 979 merop
564 913 638 967 aliud
655 912 742 968 adbuc
759 911 960 982 encautigenus
1010 909 1063 963 mis
1080 912 1190 979 majoris
1208 915 1334 968 momenti
1362 933 1452 973 causas
1478 925 1714 994 concernentibus,
1741 931 1829 998 majus

144 995 287 1066 reperitur,
304 996 375 1066 quod
394 996 595 1067 expressionem
614 997 750 1051 literarum
769 1012 817 1068 per
836 995 957 1050 adustio·
1010 993 1126 1061 sigillum
1145 996 1243 1051 rubrae
1260 1015 1335 1054 ceree
1353 999 1518 1071 impressum
1537 1024 1687 1080 apponant,
1706 1029 1758 1082 quo
1772 1029 1830 1066 ms·

140 1095 197 1132 neca
216 1089 243 1132 et
260 1089 378 1132 cestrum
398 1079 492 1132 inciam
506 1079 587 1133 inisse
599 1079 670 1134 dicit
682 1078 830 1134 Gosloired.
848 1081 916 1134 cdl.
932 1091 956 1133 1.
1008 1073 1051 1143 tit
1070 1077 1219 1130 imitentur
1237 1077 1484 1157 confirmeturque
1502 1091 1645 1160 rescripta,
1660 1091 1723 1147 bnt.
1736 1096 1830 1150 Peren.

141 1163 196 1216 eod.
215 1163 307 1216 tireod.
326 1161 360 1215 de
376 1179 447 1216 cens.
466 1163 507 1216 cni
527 1165 596 1228 ista,
614 1179 681 1233 quae
700 1162 958 1216 desacroencanstc
1009 1160 1049 1213 ud
1063 1161 1103 1214 tit.
1121 1163 1181 1216 cod.
1199 1164 1232 1220 de
1249 1167 1304 1220 dir.
1324 1169 1444 1236 rescript.
1463 1190 1490 1225 n.
1511 1187 1535 1227 s.
1556 1174 1603 1229 Uti
1621 1193 1684 1247 ergo
1711 1189 1836 1251 tyrannus
1871 1207 1904 1248 ω

142 1247 274 1312 diximus,
294 1247 452 1318 applicanda
471 1263 524 1299 uon
542 1255 622 1308 sonte
640 1245 815 1316 reperiuntur
829 1255 918 1298 tamen
932 1253 960 1298 et
1011 1248 1163 1316 dicebatur,
1182 1253 1229 1322 qui
1247 1253 1448 1310 sacri'sneausti
1469 1259 1626 1331 scriptoram
1644 1263 1713 1319 citra
1739 1264 1827 1336 impe-

139 1329 180 1382 bic
196 1330 286 1399 aliqua
304 1329 337 1380 de
354 1347 402 1382 usu
422 1329 502 1396 buius
519 1329 625 1382 encauti
645 1328 800 1400 specialiter
813 1326 957 1398 disposita,
1010 1332 1106 1385 ratcris
1124 1350 1282 1390 consemum
1301 1338 1472 1408 adhibuerat,
1492 1343 1568 1398 netu,
1587 1346 1615 1401 tn
1634 1359 1779 1403 commem,
1792 1351 1832 1405 „a

138 1429 246 1486 mmmm
264 1413 406 1486 proecipua
425 1414 489 1467 baec
507 1423 584 1480 sont,
602 1411 670 1484 (1.)
688 1413 757 1482 qnod
770 1411 834 1464 iibri
851 1428 959 1466 censua-
1010 1417 1029 1468 t.
1045 1429 1067 1468 1.
1086 1434 1110 1471 1.
1130 1418 1155 1472 d.
1175 1429 1192 1473 t.
1213 1419 1251 1474 ita
1270 1429 1297 1474 et
1316 1421 1357 1487 is,
1374 1423 1420 1492 qui
1432 1439 1507 1480 cerae
1518 1428 1704 1485 rubr-aenam
1716 1433 1770 1485 ,tbi
1784 1448 1827 1486 η.

138 1500 172 1550 ies
189 1510 298 1551 mamutc
318 1497 367 1550 boe
385 1497 469 1551 scribi
487 1497 646 1563 debuerint,
665 1497 692 1550 d.
712 1498 731 1549 t.
751 1509 776 1550 1.
794 1497 955 1551 cudtlreud.
1010 1512 1096 1569 rogat,
1130 1502 1263 1572 tyrannici
1289 1503 1401 1575 spiritus
1429 1518 1519 1563 notam
1555 1514 1740 1586 subterfugere
1763 1517 1834 1570 baud

138 1583 168 1636 de
184 1599 261 1636 cens.
279 1595 303 1636 et
320 1580 384 1634 binc
402 1590 514 1636 catnstra
532 1591 560 1636 et
578 1581 643 1634 iibri
663 1581 800 1634 censuales
819 1581 960 1634 ciritstum
1011 1585 1122 1655 poterit,
1145 1603 1205 1642 cum
1226 1587 1277 1653 iia,
1291 1601 1499 1662 qnaetamquam
1514 1595 1630 1667 insignia
1641 1599 1696 1653 sibi
1709 1601 1835 1672 princeps

136 1669 241 1738 saepius
259 1669 408 1721 encauterir
428 1669 467 1722 rel
487 1666 656 1721 encautarios
674 1665 759 1719 libros
777 1665 863 1718 vocari
891 1667 960 1720 sole·
1011 1667 1168 1740 assumpsit,
1186 1671 1267 1723 alium
1287 1683 1392 1742 prester
1409 1678 1565 1751 principem
1586 1683 1625 1737 uti
1649 1701 1736 1757 neque
1753 1686 1834 1740 tir-at

138 1753 280 1808 rescribit
297 1752 446 1808 Gorloi'red.
471 1753 500 1805 iu
522 1771 620 1807 comm.
644 1751 682 1806 ud
705 1753 732 1803 d.
750 1752 768 1803 l.
793 1751 854 1820 (1.)
880 1753 957 1820 Quod

1012 1770 1097 1824 neque
1114 1755 1209 1811 decens
1227 1758 1280 1825 sit,
1300 1761 1401 1815 Stracb.
1419 1765 1451 1818 aie
1470 1779 1583 1824 mercat.
1602 1788 1632 1841 p.
1658 1782 1683 1825 1.
1703 1791 1731 1824 n.
1758 1785 1781 1824 1.
1808 1785 1833 1828 et

137 1837 201 1890 titud
225 1837 252 1888 in
273 1836 418 1889 matriculis
440 1837 627 1904 collegiorum,
647 1844 674 1890 et
710 1833 861 1906 privilegiis
889 1846 961 1888 certo
1010 1854 1044 1890 ex
1063 1838 1128 1907 Aug.
1146 1837 1263 1894 Barbosa
1281 1843 1310 1894 in
1327 1846 1434 1901 collect.
1454 1850 1493 1902 cd
1510 1852 1529 1904 l.
1549 1865 1571 1906 e.
1593 1869 1616 1906 c,
1635 1853 1698 1907 dict.
1719 1855 1760 1907 tit.
1780 1855 1834 1912 ns.
1873 1881 1904 1922 ῃ

136 1918 241 1988 corpori
253 1918 385 1971 concessis
395 1919 523 1971 usitatum
535 1917 629 1978 luerit,
644 1929 672 1972 ut
683 1919 713 1971 in
726 1920 745 1971 l.
761 1929 784 1972 t.
796 1921 855 1973 cod.
868 1919 957 1972 tineosi.
1009 1919 1090 1988 nique
1108 1930 1135 1973 et
1153 1921 1201 1972 boo
1219 1923 1305 1976 adbuc
1316 1941 1350 1978 ex
1369 1931 1560 1988 constitutione
1578 1937 1612 1990 de
1637 1953 1710 1993 sucro
1735 1955 1833 1994 11111111-

135 1999 167 2054 tle
183 2007 306 2054 retersit.
324 1999 735 2069 1111111111111111011111111111
752 2009 870 2052 tectores
894 1999 957 2048 Pro·
1007 2011 1049 2051 sto
1067 2002 1116 2052 lata
1134 2003 1264 2069 colligunt
1281 2001 1326 2056 dd.
1344 2009 1431 2074 quoti,
1453 2015 1833 2092 sicotrescript2‚qn221520

136 2085 287 2138 rineiarom
306 2081 547 2136 distributionibus
565 2081 838 2133 extraordinariorum
866 2092 958 2130 muce-
1010 2080 1118 2134 lustrate
1138 2099 1191 2138 non
1210 2086 1432 2156 reperiebantur,
1451 2093 1569 2162 prolerri
1589 2099 1617 2151 in
1636 2103 1737 2168 judicto
1750 2105 1839 2162 valida

137 2187 191 2222 mm
215 2167 325 2222 nomina
345 2183 390 2220 sna
416 2173 527 2218 encauto
550 2173 690 2217 annectere
720 2162 860 2232 jrrbeantur
880 2159 909 2212 in
940 2159 958 2210 l·
1010 2179 1064 2216 non
1084 2175 1222 2236 poterent,
1247 2169 1337 2224 61111.
1357 2173 1397 2228 cd
1411 2174 1429 2228 l.
1450 2188 1475 2229 1.
1492 2195 1516 2231 1.
1535 2181 1563 2233 d·
1580 2183 1651 2238 nita
1665 2185 1744 2242 bodie
1757 2207 1838 2248 omn,

138 2265 160 2308 t.
176 2252 240 2307 eod.
259 2251 348 2304 tlteed.
366 2249 400 2303 de
417 2247 590 2304 eretruordirr.
616 2257 643 2301 et
666 2247 740 2302 sord
765 2261 870 2299 muster.
895 2241 956 2297 add.

137 2336 287 2392 Gotiraired.
307 2335 336 2390 in
356 2331 559 2389 commentari
576 2332 601 2388 11.
621 2333 639 2386 1.
658 2333 711 2386 Du.
732 2329 827 2384 unct.
845 2329 875 2383 in
894 2327 958 2380 diss.

1010 2249 1173 2320 rescriptum
1198 2252 1274 2320 juxta
1298 2251 1417 2312 formam·
1433 2269 1566 2330 receptam
1580 2270 1714 2338 etstylurn
1725 2284 1837 2329 mosot.

1015 2342 1072 2385 turn
1091 2349 1145 2386 nou
1164 2345 1300 2392 exaratam
1319 2359 1369 2410 pro
1387 2339 1456 2399 tuso
1480 2344 1634 2400 bobendon
1659 2353 1711 2421 sit,
1737 2372 1767 2410 ac
1790 2377 1838 2430 per

137 2427 167 2480 ar
180 2422 273 2492 nigro.
287 2422 312 2475 d.
323 2422 343 2473 l.
356 2439 385 2475 n.
400 2429 440 2472 tt.
456 2422 595 2474 Caeterum
608 2416 729 2472 moribus
740 2415 840 2472 nostris
852 2426 956 2472 uirum·
1014 2433 1178 2487 ο011111ιιοιιι
1193 2419 1253 2491 1110
1270 2423 1329 2491 11110
1347 2426 1450 2482 ”nullm
1461 2432 1566 2485 “Mi
1578 2431 1672 2489 11111111
1682 2439 1836 2502 1111111111·

137 2523 185 2578 que
205 2505 259 2556 boc
276 2520 359 2573 genus
377 2504 524 2576 scripturae
544 2500 797 2556 iudesuetudinem
815 2500 898 2568 abiit,
922 2512 957 2556 ts·
1009 2501 1043 2554 de
1056 2501 1165 2572 probat.
1186 2503 1275 2560 conci.
1297 2519 1373 2566 1111.
1391 2511 1489 2570 111111.
1506 2515 1540 2570 dc
1555 2533 1725 2591 pmrnmpt.
1737 2539 1792 2594 rep:
1812 2539 1835 2580 1.

136 2601 174 2643 ste
192 2585 297 2640 Bertol.
321 2585 361 2640 cd
383 2586 401 2638 l.
428 2599 452 2638 e.
470 2605 493 2638 c.
517 2584 844 2654 mercamentum
869 2587 960 2640 Percu.
1008 2590 1600 2670 praesumptumldqnetuncprsecipuefli
1615 2607 1752 2674 negotium
1766 2611 1836 2680 quod

137 2675 173 2729 erl
189 2671 256 2726 eod.
275 2670 302 2723 d.
320 2681 337 2724 t.
358 2690 386 2724 n.
400 2684 425 2725 t.
439 2670 520 2742 Cttjus
534 2671 666 2725 rationem
684 2672 825 2725 Paneiroil.
837 2673 856 2726 i.
871 2683 893 2724 t.
906 2689 958 2727 rer.

138 2774 255 2810 memor.
274 2753 380 2824 deperd.
404 2753 444 2809 tit.
474 2767 497 2810 t.
515 2766 542 2810 et
561 2766 584 2808 1.
603 2756 670 2808 banc
694 2757 864 2827 suppeditat,
888 2756 959 2826 qnod

137 2841 188 2896 ista
212 2841 283 2904 locs,
302 2837 349 2892 ubi
369 2839 485 2893 murices
502 2849 530 2894 et
547 2839 682 2908 conchylia
700 2840 767 2893 olim
781 2839 962 2910 deprebende-

135 2927 254 2990 bsntur,
273 2925 302 2977 in
320 2925 465 2978 'turcarum
489 2935 569 2994 atque
593 2923 769 2977 Barbarornm
794 2923 956 2978 incultorum

135 3027 234 3064 manus
250 3009 418 3075 devenerint,
431 3010 520 3062 ethan
538 3008 572 3060 de
583 3023 659 3060 causa
670 3007 715 3062 rix
728 3006 807 3061 bodio
822 3008 956 3079 reperian-

134 3103 177 3148 tur
195 3093 341 3160 homines,
359 3093 407 3164 qui
426 3109 519 3146 senam
538 3091 619 3144 istam
637 3089 793 3155 candidum,
812 3109 891 3160 quam
903 3109 959 3147 me·

1011 2670 1172 2742 rescriptum
1190 2677 1381 2746 concernebat,
1394 2697 1488 2736 mosae
1500 2686 1682 2756 coguitionem
1694 2689 1838 2762 desideret,
1875 2656 1906 2699 n

1010 2763 1035 2807 et
1054 2754 1180 2828 princeps
1198 2756 1232 2812 de
1249 2777 1281 2813 ec
1300 2763 1431 2820 rescribat
1449 2766 1482 2820 ad
1501 2771 1699 2842 apparitorem,
1719 2775 1837 2844 01111111-

1011 2854 1092 2892 naeus
1108 2857 1199 2896 consu.
1218 2843 1319 2897 Herbi.
1338 2848 1396 2901 voi.
1418 2859 1440 2902 t.
1459 2852 1513 2905 dec.
1532 2865 1612 2910 tun.
1628 2859 1836 2918 t.1lo.Brunn.

1009 2919 1038 2972 in
1056 2935 1199 2978 comment.
1220 2927 1258 2980 ccl
1273 2929 1293 2980 t.
1312 2943 1337 2982 1.
1356 2949 1379 2984 e.
1394 2933 1430 2986 de
1446 2934 1548 2990 diuers-¹
1564 2941 1683 3012 rescript.
1704 2963 1735 3000 n.
1749 2956 1774 3002 t.
1786 2947 1835 3002 Uti
1875 2972 1906 3016 ῃ

1010 3003 1084 3058 enim
1103 3007 1171 3062 alias
1189 3019 1264 3065 actos
1287 3023 1381 3068 contra
1404 3014 1518 3072 formum
1545 3023 1616 3078 libus
1646 3029 1837 3102 praescriptam

1009 3102 1099 3159 pestus
1117 3091 1177 3165 ipso
1194 3096 1253 3163 jure
1271 3099 1361 3151 nuilus
1379 3109 1433 3168 est,
1451 3104 1471 3156 t.
1490 3123 1548 3160 non
1561 3109 1683 3167 dubium.
1710 3125 1734 3166 1.
1754 3131 1778 3168 c.
1808 3116 1835 3170 d.

134 3177 187 3232 diis
206 3177 343 3246 conchylii
356 3175 477 3229 iaucibus
487 3183 639 3228 contentam
651 3190 730 3244 supra
742 3173 873 3240 diximus,
886 3193 959 3229 com
1008 3175 1037 3226 ll.
1057 3176 1093 3228 ita
1112 3195 1162 3234 nec
1178 3180 1336 3252 rescriptum
1358 3185 1386 3236 in
1404 3203 1457 3256 quo
1470 3185 1556 3244 iorma
1569 3196 1644 3249 solita
1654 3207 1681 3250 et
1693 3199 1775 3266 stylus
1787 3216 1832 3254 re·

136 3263 220 3319 mode
236 3262 387 3326 dissecare,
405 3272 434 3316 et
450 3262 487 3314 ita
506 3276 669 3331 purpureum
687 3263 744 3330 ejus
762 3279 883 3316 cruorem
902 3263 958 3316 usi·

135 3349 184 3402 bna
205 3345 370 3402 encausticis
388 3345 440 3398 rite
457 3344 582 3416 adaptare
598 3346 701 3399 callent·
720 3346 754 3402 Et
767 3347 890 3417 quamtis
904 3347 959 3403 sint

135 3433 240 3503 aliqui,
258 3429 308 3502 qui
326 3429 443 3482 similem
463 3447 598 3501 purpureo
615 3431 729 3483 colorem
748 3429 828 3484 bodio
853 3445 886 3484 ex
902 3447 960 3484 cer·

136 3516 171 3569 tis
190 3514 307 3576 herbis,
324 3513 597 3584 quaspirnpineilae,
615 3513 808 3584 pampinellns,
825 3514 961 3586 etbipen·

133 3603 216 3656 nulus
232 3608 309 3654 10111
326 3597 475 3668 Rhodigin.
492 3597 519 3650 d.
537 3597 556 3650 1.
573 3598 615 3651 tr‘t.
634 3598 660 3650 d.
680 3599 792 3668 produci
817 3600 960 3671 possedi-

135 3695 226 3748 eunt,
244 3681 307 3737 tots.
326 3681 411 3735 Gerb.
429 3682 510 3736 Voss.
528 3681 557 3734 in
575 3681 658 3736 tlaeol.
675 3682 768 3750 gentil.
794 3692 822 3736 et
841 3683 959 3751 pin-sici.

135 3768 302 3822 cltrr'stiuno.
320 3767 348 3820 d.
366 3765 384 3816 l.
400 3782 427 3834 p.
450 3771 527 3817 1111.
545 3780 599 3816 non
618 3773 707 3818 tamen
725 3765 797 3818 color
815 3782 877 3819 rere
897 3784 961 3834 pnr-

139 3868 258 3923 puteos,
275 3845 405 3918 qualitati
419 3862 523 3899 sacrum
537 3855 690 3900 encaustum
704 3847 905 3916 requirebatur,
918 3848 961 3900 in-

79 3957 107 4001 s,
137 3937 171 3990 de
184 3934 287 4006 poterit
299 3929 442 3986 efformari.
456 3917 587 3998 majorem
597 3927 665 3983 lorte
678 3947 751 3999 spem
766 3929 800 3984 de
817 3927 961 3983 conficien-

135 4021 170 4075 do
186 4028 315 4074 encausto
333 4016 411 4071 nobis
429 4014 516 4069 iacere
533 4023 623 4085 posset
636 4014 718 4066 variis
730 4013 865 4068 coloribus
883 4017 961 4068 nobi·

134 4111 160 4162 le
176 4103 357 4173 Goncbpiinm
370 4101 401 4154 iu
413 4099 535 4152 Americu
548 4113 634 4168 nuper
646 4097 801 4162 incentum,
814 4097 885 4166 quod
898 4116 961 4168 pur·

135 4209 222 4264 perseo
239 4191 297 4244 sire
316 4187 424 4242 rubenti
440 4185 529 4240 colore
545 4184 629 4237 lintea
647 4183 751 4253 tingere
764 4181 959 4252 deprehensum

135 4276 209 4339 iuit,
228 4283 295 4330 teste
315 4271 397 4344 duplo
409 4271 459 4324 ’111
472 4269 596 4340 Forgesio
608 4267 679 4336 apud
692 4267 737 4321 dn.
753 4265 897 4320 Becmanu.
911 4285 962 4322 rru-

135 4359 177 4412 tit.
196 4355 350 4428 dign-tter.
371 4365 395 4407 1.
411 4369 436 4406 c.
457 4364 479 4405 t.
498 4351 534 4404 tit.
556 4363 578 4404 1.
598 4351 645 4403 Ast
664 4361 689 4404 11
701 4350 770 4402 iilud
786 4350 956 4420 conchylium

78 4418 103 4460 ²¹
136 4441 284 4496 admodum
303 4454 365 4492 raro
380 4437 449 4490 solet
465 4433 596 4498 inveniri,
610 4435 727 4504 adeoque
740 4435 785 4488 rix
799 4443 853 4498 est,
868 4441 898 4486 ut
910 4433 962 4488 aii-

136 4541 220 4593 quaru
238 4519 356 4575 encsnsti
373 4517 442 4574 sacri
458 4516 653 4572 coniectionem
663 4519 726 4572 iude
740 4531 863 4589 sperare,
878 4519 961 4573 multo

1010 3271 1103 3329 ceptus
1121 3279 1173 3317 non
1192 3263 1328 3319 observata
1346 3279 1426 3333 sunt,
1442 3272 1559 3329 validum
1572 3275 1626 3330 dici
1640 3279 1756 3350 poterit,
1772 3300 1837 3354 curn,

1012 3345 1095 3412 stylus
1113 3345 1203 3399 curiae
1219 3347 1304 3402 instar
1320 3350 1388 3420 lepis
1407 3354 1458 3419 sit,
1476 3355 1549 3410 Gaii.
1569 3359 1588 3412 l:
1609 3373 1633 3414 1.
1653 3379 1680 3414 c.
1702 3375 1726 3416 t.
1754 3383 1782 3418 rr.
1813 3377 1837 3418 1.

1010 3436 1038 3479 11
1054 3444 1081 3480 o.
1102 3441 1144 3482 11.
1162 3448 1190 3483 n.
1210 3443 1235 3485 1.
1253 3433 1377 3489 idenccle.
1397 3453 1473 3492 cuns.
1496 3451 1555 3496 111.
1567 3461 1597 3496 n.
1609 3453 1655 3495 11.
1673 3452 1699 3498 11
1713 3461 1763 3517 pro
1775 3445 1835 3502 ior·

1011 3528 1053 3564 naa
1071 3515 1174 3583 negotii
1192 3515 1336 3585 tabeetar,
1353 3539 1369 3572 a
1384 3537 1439 3592 ‹pra›
1460 3523 1483 3575 si
1509 3527 1660 3592 recedatur,
1685 3544 1740 3582 non
1767 3533 1834 3588 vaiet

1010 3597 1079 3664 quod
1099 3609 1201 3666 actum,
1215 3601 1261 3654 sed
1273 3607 1452 3677 praesumptio
1470 3607 1596 3663 falsitatis
1613 3609 1835 3686 indicauerit,

1013 3681 1122 3736 cardin
1140 3684 1238 3738 i'useb.
1253 3697 1340 3756 proct.
1358 3691 1444 3746 renel.
1456 3701 1522 3748 tuns.
1541 3707 1567 3746 1.
1580 3693 1620 3748 iit.
1631 3712 1655 3751 1.
1668 3699 1756 3752 runci.
1769 3713 1834 3756 111.

1011 3785 1041 3819 n·
1062 3777 1106 3819 11.
1122 3766 1184 3822 adu.
1197 3788 1285 3842 magn.
1300 3771 1344 3826 dn.
1358 3774 1450 3832 Petet.
1461 3781 1490 3830 111
1506 3778 1624 3834 De'stert·
1638 3780 1836 3856 111111ςᾶ111]-

1011 3851 1039 3904 lo
1051 3853 1153 3906 1111111.
1167 3856 1218 3908 voi.
1234 3868 1258 3908 1.
1269 3854 1335 3928 disp.
1351 3869 1392 3911 11.
1405 3876 1429 3911 1.
1447 3873 1471 3914 1.
1484 3879 1512 3914 rr.
1528 3872 1554 3916 t.
1567 3876 1592 3918 t·
1607 3873 1632 3915 t.

1048 3935 1138 3989 Habes
1156 3937 1211 4004 ita,
1229 3940 1247 3992 l.
1267 3939 1293 3992 b.
1310 3957 1377 4010 quae
1396 3941 1429 3994 de
1445 3959 1504 3997 cera
1523 3946 1638 4002 rubrset
1649 3964 1725 4004 sacro
1736 3967 1834 4010 cusan·

1011 4025 1049 4069 sto
1067 4017 1189 4074 invenire
1213 4022 1304 4092 pctul;
1329 4034 1503 4096 praeeuntem
1526 4027 1556 4082 iu
1580 4028 1629 4084 hac
1658 4036 1785 4110 muteris,
1804 4039 1835 4092 ita

1012 4110 1141 4168 quantum
1160 4113 1277 4172 constat,
1297 4105 1379 4162 habui
1397 4109 1555 4178 nemiuem,
1574 4112 1692 4185 adeoque
1710 4117 1765 4171 labi
1779 4137 1835 4176 nou

1013 4181 1066 4236 icit
1083 4181 1213 4250 diilicilet
1235 4197 1262 4243 tu
1279 4205 1342 4258 erpo
1360 4191 1424 4257 illa,
1443 4209 1509 4263 quse
1528 4195 1669 4252 miniatula
1687 4203 1778 4255 cerula
1792 4203 1834 4255 di·

1013 4281 1063 4334 gna
1083 4267 1127 4320 bic
1144 4271 1278 4342 reperies,
1296 4273 1420 4329 benevola
1438 4287 1527 4332 mente
1545 4281 1647 4350 accipe;
1663 4294 1784 4355 tyronem
1797 4289 1835 4342 le-

1012 4366 1075 4419 gum
1093 4369 1137 4406 me
1153 4355 1239 4410 adlruc
1256 4357 1400 4428 proliteor,
1413 4377 1443 4416 ac
1456 4363 1568 4416 meliora
1581 4365 1718 4421 docentem
1732 4387 1830 4441 sequor

1016 4435 1212 4494 lubentissime.
1230 4441 1294 4496 Tibi
1314 4461 1389 4510 sero,
1408 4463 1513 4501 summe
1532 4449 1618 4516 Deus,
1636 4469 1685 4524 pro
1703 4458 1833 4528 suppett-

1015 4527 1066 4575 tara
1084 4523 1196 4594 spiritus
1217 4525 1254 4581 tui
1279 4529 1430 4585 assistentis
1454 4531 1552 4601 gratias
1579 4536 1742 4594 immortales
1769 4557 1829 4614 per-

1873 4007 1904 4051 11

137 4609 231 4662 ninus
242 4603 463 4660 constitutionem
474 4601 570 4657 deisto
583 4603 789 4674 promulgatam,
802 4615 883 4654 socco
899 4601 963 4656 lrau'c
1015 4607 1104 4660 sciro.

140 4685 292 4758 conchylio
309 4683 568 4757 extortoapplicare
585 4684 736 4754 possimus,
756 4698 815 4735 mam
834 4685 907 4752 leges
924 4683 960 4737 ad

138 4790 184 4836 es,
203 4789 271 4841 quse
290 4769 456 4823 iortevunicc
466 4767 580 4840 quodam
593 4785 654 4821 essu
668 4767 825 4838 contingere
840 4779 961 4838 possunt,

78 4880 104 4924 2,
140 4849 212 4908 trebi
230 4869 285 4906 nou
302 4853 420 4920 soleant,
437 4853 456 4904 l.
474 4870 512 4908 ec
524 4849 575 4904 ltt's.
596 4861 620 4903 t.
629 4849 670 4920 ff.
689 4852 722 4905 de
739 4850 768 4905 ll.
787 4850 859 4904 tttud
873 4860 961 4905 umen
