4418 6266
276 219 328 291 915

215 320 367 390 lleparatio
382 335 524 376 metrorum
538 316 726 372 entenditsese
739 313 778 367 od
786 315 943 369 condendos
955 330 1043 368 noros

247 423 298 475 pro
312 405 472 478 defensione
485 421 549 466 4444,
566 421 615 456 nec
628 419 689 453 non
700 401 737 453 ad
746 399 865 453 aliarum
875 399 1043 468 publicorum

251 506 370 560 operam
386 491 525 548 salutent,
544 485 720 550 custodiam,
739 495 925 548 ornamenta,
943 485 1044 536 secari·

253 585 338 628 tatem
359 583 410 628 etc.
428 571 629 640 respicientium
638 571 773 640 fictorem
792 581 818 624 et
836 569 995 630 utilitatem.
1014 587 1044 621 n.

255 669 300 710 19.
323 669 366 712 dt).

217 746 255 798 ll.
274 743 358 798 Justa
370 759 457 796 canta
470 755 508 796 est
519 742 658 796 eutolmio
673 743 747 794 aeris
760 739 855 794 alieni.
869 755 896 790 n.
911 749 953 791 41.

218 828 295 878 Arete
309 826 514 881 alienationem
526 845 578 898 pro
597 823 756 898 1444944444ᾰὶ
779 825 954 876 exsolutione
980 819 1043 874 dili·

251 921 348 978 genter
363 911 537 965 consilernri
553 910 644 974 debet,
669 927 733 961 num
752 909 848 964 ciuitas
862 926 898 960 ece
911 910 959 960 illo
975 926 1042 960 con·

252 1005 340 1048 tractu
356 994 502 1050 secundum
519 997 629 1067 regulae
643 1007 670 1050 et
680 993 810 1065 repetisito
826 995 903 1065 istrie
921 994 956 1047 tit
971 993 1043 1048 abti-

250 1079 339 1146 gara?
353 1097 382 1134 n.
398 1091 441 1132 tt.
459 1093 500 1133 44.

221 1163 276 1218 llbi
283 1165 434 1219 incidenter
443 1166 477 1219 de
489 1163 615 1219 versione
625 1163 739 1236 eiusque
750 1165 980 1238 praesumptione
991 1163 1046 1235 ogi·

253 1258 304 1302 1444.
318 1265 347 1300 44.
361 1259 402 1300 44.
412 1263 471 1317 449.

223 1331 328 1398 (iocor.
339 1349 378 1384 an
390 1330 535 1386 ciuitasob
556 1331 613 1386 alio
629 1332 772 1404 9444441444
797 1344 928 1388 mutuant
953 1345 978 1386 et
996 1334 1044 1388 ite·

255 1429 316 1464 rum
330 1413 415 1466 alteri
426 1423 518 1468 mntno
532 1413 602 1467 dana
613 1431 671 1468 sese
684 1413 773 1483 possit
785 1414 857 1469 tueri
875 1416 1009 1488 beneficio
1027 1417 1046 1468 l.

254 1493 341 1562 tt.ffi
353 1496 387 1548 de
397 1513 421 1546 r.
431 1496 477 1548 a?
487 1499 608 1563 lleepon.
620 1496 750 1565 distingo.
765 1515 793 1548 n.
808 1505 850 1551 to.
866 1509 908 1550 41.

221 1577 293 1644 (laid
296 1577 371 1650 juris
382 1580 457 1632 circa
470 1577 706 1632 administratores
717 1582 746 1632 in
760 1580 812 1634 1444
820 1583 911 1636 cutes?
924 1599 951 1633 n.
970 1590 1013 1633 tt.

218 1663 274 1714 lilec
285 1681 318 1716 eo
330 1679 396 1716 casa
407 1661 504 1715 civitas
516 1672 623 1716 tenetur
634 1664 674 1716 ad
680 1664 828 1736 pecuniam
849 1665 879 1719 in
897 1683 954 1718 rem
975 1667 1044 1719 ciui·

252 1747 317 1798 tatis
327 1746 467 1800 inutiliter
481 1763 659 1803 conuersum.
674 1767 703 1804 n.
717 1758 758 1805 tt.

219 1829 326 1884 Ciuitas
337 1847 406 1885 cere
418 1830 541 1885 debitrios
552 1833 688 1887 creditore
700 1833 866 1888 solationem
879 1843 992 1904 argente
1003 1850 1045 1887 re·

254 1925 296 1968 cte
303 1916 429 1985 procedit
440 1917 478 1970 od
488 1916 696 1972 alienationem.
708 1937 736 1969 n.
754 1928 795 1972 tt.
811 1928 855 1970 44.

221 2001 364 2069 Quomodo
377 1999 557 2054 meditatione
567 1999 805 2070 ntisjitciendnm‚
824 2001 941 2073 pecnnia
963 2021 1000 2055 44.·
1016 2020 1046 2053 o·

253 2083 411 2139 licitatione
423 2085 552 2148 redacta,
567 2101 654 2154 4449444
666 2095 760 2138 tamen
768 2085 930 2155 afferente,
940 2105 977 2138 an
990 2086 1046 2137 coi-

255 2169 326 2222 tecta
339 2167 552 2238 titimponenda
564 2177 589 2219 et
609 2167 721 2239 insuper
746 2185 894 2222 caruerunt
914 2168 1046 2240 principie

258 2251 448 2308 necessariori
460 2269 488 2302 n.
505 2258 547 2301 44.
558 2264 632 2321 4499.
745 2273 749 2280 ·

223 2336 380 2393 Consilium
393 2333 527 2388 Ferrarii.
541 2351 570 2387 n.
583 2347 627 2388 44.

221 2423 283 2474 lloc
300 2421 332 2470 in
349 2434 413 2473 casa
424 2417 526 2473 44441444
536 2417 666 2492 cujusque
677 2415 733 2472 1441
739 2418 906 2472 consuetudo
931 2418 1045 2490 inspici·

252 2513 307 2558 ittt·
319 2521 346 2556 11.
362 2515 405 2557 bi·

220 2592 281 2658 Quo
294 2587 376 2642 etiam
388 2584 586 2643 recurrendum
607 2585 890 2642 administratoribus
915 2587 1046 2644 collectas

255 2670 375 2726 indicere
386 2670 555 2725 colentibus.
568 2687 596 2722 n.
611 2682 654 2723 44.
1013 2685 1015 2688 ·

218 2757 278 2809 Pro
291 2755 442 2810 auertenda
454 2755 626 2810 alienatione
643 2755 822 2810 uolantan'ae
847 2757 1049 2812 contributiani

252 2855 309 2894 sese
320 2841 454 2894 submittit
464 2839 561 2895 4141144
573 2840 686 2910 eiusque
698 2841 783 2892 ratio.
796 2859 823 2894 n.
837 2853 877 2893 tt.
889 2858 961 2913 4499.

219 2922 311 2987 lintio,
322 2941 373 2980 car
382 2924 480 2978 melias
491 2923 528 2976 ob
540 2921 620 2977 initio
633 2921 844 2989 fien'colleetam
858 2926 1045 2981 uoluntariam

254 3027 336 3082 9444444
350 3009 546 3063 alienationem
559 3027 660 3064 rerum.
673 3027 701 3062 n.
717 3023 760 3065 44.

223 3095 349 3164 Qualiter
364 3113 383 3148 a
400 3094 510 3149 41411414
528 3093 693 3164 imponenda
710 3095 907 3152 contributio?
925 3097 1045 3152 remissi·

256 3197 295 3235 oe.
310 3195 338 3228 n.
353 3189 395 3230 st.

219 3259 322 3315 Ciuitas
331 3259 484 3314 immobilia
495 3261 639 3329 possidens
650 3263 830 3319 creditoribus
841 3265 940 3322 inuitis
952 3268 981 3323 in
998 3285 1045 3323 to-

723 221 770 274 DE
789 218 915 277 censis
935 217 1185 274 1111111101118
1204 213 1331 272 RERUM
1350 221 1412 270 4441.

1126 311 1262 366 ciuitatem
1273 307 1436 379 pertinentia
1447 305 1486 362 ad
1496 304 1629 360 4411444444
1641 319 1698 358 non
1715 301 1842 358 adltibitit
1865 322 1920 362 nov

1127 399 1308 454 lamnitatibat
1320 397 1385 467 14914
1395 395 1475 468 liujus
1486 390 1655 460 obstaturam
1667 389 1908 462 indesperantlem

1129 483 1274 538 utilitatem
1288 479 1409 551 redigere
1418 477 1583 547 9444144144.
1597 487 1657 530 141.
1669 493 1740 548 4499.

1091 567 1270 638 1491444144
1279 581 1330 634 per
1338 573 1437 617 statuta
1447 577 1549 630 pascua
1570 569 1598 613 41
1614 576 1731 614 nemra
1755 559 1910 614 communia

1127 654 1156 704 in
1170 662 1243 704 certo
1257 649 1327 704 anni
1334 659 1413 718 parte
1423 646 1577 720 pronibere,
1591 647 1655 700 stin
1669 645 1728 702 alio
1747 645 1818 702 anai
1827 657 1907 718 parta

1128 738 1225 788 nerum
1237 734 1391 789 concedere.
1403 753 1429 786 n.
1449 746 1505 787 144.

1093 821 1284 873 intereamus
1295 818 1405 886 pietatis
1416 817 1518 872 intuita
1532 814 1711 870 alienationis
1728 825 1908 871 enumeratur

1128 899 1275 969 redemptio
1287 903 1460 972 captivorum.
1473 921 1502 954 n.
1517 914 1574 956 444.
1584 918 1654 971 4499.

1093 988 1195 1042 Altera
1207 1005 1293 1042 acuta
1302 989 1419 1060 pietatis,
1429 988 1482 1059 piis
1491 987 1660 1060 principibus
1676 1001 1835 1041 ramesmere
1852 1003 1910 1040 non

1126 1075 1217 1127 solnm
1229 1073 1257 1127 in
1272 1073 1350 1126 bellis
1361 1073 1511 1142 desentiris.
1525 1090 1553 1124 n.
1569 1083 1626 1122 ttt.
1638 1089 1694 1141 449.

1094 1159 1143 1208 An
1154 1173 1205 1224 pro
1214 1155 1333 1226 gerenda
1347 1155 1417 1209 bello
1431 1151 1588 1223 offensicoi
1600 1151 1731 1222 distingu.
1745 1169 1772 1205 n.
1791 1165 1909 1224 tttneq.

1093 1237 1148 1294 Sed
1159 1237 1241 1292 etiam
1252 1240 1349 1310 opibus
1360 1235 1686 1301 nohantoniensium
1710 1235 1774 1289 otiu
1798 1233 1911 1289 44444441·

1131 1325 1238 1379 tatibus.
1249 1343 1277 1378 rt·
1294 1337 1303 1378 4
1314 1337 1353 1376 44.
1366 1342 1436 1395 4499.

1100 1411 1182 1480 Quod
1200 1419 1291 1465 tamen
1310 1407 1464 1463 adsimiles
1481 1421 1564 1462 444444
1580 1423 1641 1460 non
1658 1401 1867 1458 mutandam.
1884 1419 1911 1456 n.

1136 1507 1194 1549 111.
1208 1511 1239 1549 bt
1258 1530 1266 1546 .
1580 1509 1582 1517 ⁸

1097 1581 1141 1635 lie
1151 1514 1479 1635 camisqremunerationit
1490 1593 1527 1631 en
1536 1591 1618 1630 cocao
1626 1573 1736 1646 pietatt'r
1747 1568 1911 1638 4414441144,

1129 1664 1280 1719 4444144444.
1294 1681 1321 1715 n.
1338 1672 1398 1717 444.
1415 1672 1473 1716 444.

1101 1766 1199 1882 Visis
1216 1827 1443 1894 solemnitatibus,
1463 1830 1680 1900 4494444441444
1699 1843 1791 1884 4444444
1814 1827 1915 1882 aliena·
1953 1861 1964 1905 ,

1095 1911 1178 1965 tionis
1196 1930 1287 1966 rerum
1303 1924 1382 1982 atque
1401 1915 1530 1966 1444444444
1550 1915 1706 1980 civitatum,
1732 1921 1823 1985 utpote
1848 1929 1915 1984 quae

1095 1997 1147 2053 duo
1165 1999 1314 2070 copulative
1331 1999 1447 2068 requiri,
1467 2014 1516 2050 uec
1527 1998 1717 2052 alienationem
1728 2003 1809 2052 altera
1822 2013 1915 2055 aarum

1094 2084 1194 2138 44441444
1211 2082 1357 2136 subsistere
1374 2098 1460 2153 posse,
1480 2083 1544 2134 satis
1569 2081 1686 2151 probant
1707 2082 1822 2135 4441441.
1841 2099 1869 2136 44.
1890 2095 1913 2137 t.

1094 2166 1194 2222 conier.
1212 2168 1257 2219 hic
1274 2165 1373 2219 cardiu.
1402 2166 1492 2234 Angel-
1514 2164 1585 2218 Cels.
1602 2163 1660 2216 4144.
1684 2173 1737 2216 rot·
1762 2179 1833 2218 rom.
1853 2173 1912 2218 444.

1094 2273 1122 2304 44.
1145 2265 1166 2306 t.
1186 2251 1239 2306 L'bi
1260 2253 1331 2304 1414444
1349 2252 1418 2303 41444
1436 2250 1612 2302 alienationes
1628 2247 1767 2303 ueletiam
1785 2248 1915 2304 4114441444·

1096 2337 1232 2392 1444114444
1250 2353 1338 2390 nmen
1357 2337 1483 2390 4444144144
1502 2333 1627 2404 requirit.
1647 2333 1761 2403 Saepius
1774 2334 1829 2402 jaro
1846 2335 1916 2387 dixi·

1096 2439 1157 2477 mas
1173 2425 1293 2478 414114444
1309 2433 1385 2492 etque
1402 2419 1566 2490 respublicas
1586 2417 1719 2470 uiuorum
1737 2419 1796 2486 jare
1818 2419 1914 2488 944414·
1952 2387 1966 2430 ⁸

1096 2525 1139 2562 re:
1158 2506 1381 2580 quemadmodum
1400 2516 1485 2559 autem
1505 2502 1640 2556 ruinosum
1659 2500 1728 2554 bona
1740 2501 1916 2572 atqaejueta

1096 2611 1173 2647 causa
1191 2593 1304 2647 alienari
1323 2609 1372 2646 uec
1391 2589 1493 2644 debent
1510 2605 1560 2642 nco
1578 2595 1690 2659 94444444
1701 2623 1710 2652 ,
1728 2586 1748 2639 l.
1775 2587 1851 2640 441
1875 2597 1915 2642 44.

1094 2695 1115 2732 4.
1136 2678 1171 2733 de
1188 2680 1243 2732 reb.
1258 2695 1314 2733 eor.
1332 2677 1382 2750 9441
1396 2675 1449 2728 tub
1462 2681 1513 2728 tat.
1532 2671 1625 2740 ibique
1642 2667 1751 2722 4141114
1771 2679 1798 2724 et
1815 2669 1916 2724 aliena.

1098 2767 1184 2820 tiones
1202 2781 1292 2818 rerum
1311 2761 1429 2816 civitatis
1458 2761 1542 2828 justus
1572 2754 1713 2825 requirunt
1736 2769 1834 2809 4444444.
1860 2755 1914 2811 1444

1095 2861 1184 2906 nostra
1203 2849 1322 2920 quidem,
1342 2863 1396 2900 uon
1422 2845 1476 2898 nisi
1507 2843 1588 2896 4444144
1610 2857 1716 2904 mosae,
1742 2841 1915 2915 reparationis
1952 2815 1965 2858 ⁸

1095 2934 1155 2988 4411.
1169 2949 1304 2987 mororum
1318 2931 1454 2995 414114414,
1468 2927 1629 2980 mentionem
1643 2924 1717 2991 iacit,
1730 2923 1777 2978 sed
1788 2927 1851 2996 quia
1864 2926 1915 2979 1444

1095 3020 1179 3089 tnagis
1193 3014 1414 3089 exemplificatiee
1426 3031 1504 3085 qnam
1518 3009 1721 3064 determinative
1732 3011 1845 3080 positum
1858 3025 1917 3065 4444

1094 3105 1208 3168 ridetur,
1226 3103 1261 3155 414
1280 3101 1443 3154 4141144441
1462 3100 1542 3152 etlam
1564 3097 1677 3164 majores
1696 3111 1797 3162 4444444,
1816 3097 1915 3150 aliena·

1096 3189 1184 3242 tiones
1202 3203 1292 3240 rernm
1310 3169 1426 3240 414114114
1445 3180 1508 3236 1441
1526 3197 1605 3253 posse
1618 3180 1798 3234 communiter
1819 3182 1917 3236 441411·

1095 3281 1191 3326 tuetur.
1209 3272 1344 3340 Quaenam
1364 3279 1453 3323 autem
1473 3276 1500 3321 44
1517 3277 1583 3337 quot
1599 3281 1691 3317 4444444
1710 3265 1915 3336 regoleriterju·

252 3343 342 3398 imum
356 3344 470 3397 nomina
482 3344 548 3399 dare
562 3355 734 3414 4444941441,
746 3345 902 3402 sedeuram
917 3352 1046 3404 adhibere
1096 3368 1153 3411 stae
1170 3357 1242 3419 41444,
1261 3374 1276 3409 4
1294 3353 1339 3406 dd.
1357 3365 1433 3406 certo
1451 3368 1505 3405 non
1524 3345 1673 3415 definitor,
1694 3349 1861 3418 maximeque
1872 3351 1918 3404 1414

254 3431 341 3495 debet,
356 3432 449 3485 atista
464 3431 676 3501 celsolrnntar,
691 3434 816 3488 oebaliis
835 3433 997 3491 vendantur.
1015 3455 1044 3488 n·
1094 3443 1181 3495 locum
1200 3439 1307 3494 1441441414
1323 3437 1393 3510 qood
1411 3437 1530 3507 jconsult.
1556 3435 1586 3488 in
1604 3435 1624 3486 l.
1648 3445 1687 3487 44.
1705 3441 1727 3498 ς.
1747 3445 1772 3486 4.
1791 3435 1827 3488 414
1849 3453 1915 3490 ann.

257 3526 300 3568 44.
320 3527 362 3568 44.
385 3526 429 3570 44.
1093 3525 1175 3594 legat.
1201 3523 1284 3577 dicitt
1315 3539 1375 3576 non
1395 3535 1475 3590 posse
1499 3519 1626 3574 absolute
1650 3519 1830 3586 responderi,
1854 3537 1917 3573 cam

220 3600 434 3669 1144944444411.
449 3599 943 3670 t.§.s.ffiderebnteornmetc.n.
958 3617 1001 3660 44.
1094 3604 1559 3677 441444414194441444,9444414444
1582 3613 1609 3658 et
1627 3621 1715 3674 449444
1744 3603 1916 3658 aestimanda

222 3687 343 3742 Ciuitate
352 3687 551 3742 alienationem
564 3691 753 3745 uoluntariam
768 3710 826 3746 non
839 3693 1002 3765 suscipiente
1002 3689 1047 3766 fit
1091 3703 1164 3749 sant.
1184 3689 1377 3764 Quodcumque
1394 3707 1457 3760 ergo
1476 3692 1534 3757 lege
1550 3698 1596 3742 ant
1620 3689 1812 3742 cousuetudine
1833 3690 1916 3742 ornis·

255 3771 381 3826 enecatio
395 3773 425 3824 in
438 3773 529 3826 debita
542 3791 605 3828 cera
620 3785 646 3830 et
658 3776 798 3848 liqairlata.
814 3797 843 3829 n.
858 3789 900 3831 tt.
1092 3799 1152 3836 suro
1171 3791 1217 3834 aut
1234 3779 1440 3832 determinatum
1459 3793 1513 3830 noo
1531 3785 1582 3841 est,
1601 3775 1772 3846 supplebitur
1784 3777 1915 3846 religione

220 3857 327 3927 Alieno
339 3865 430 3910 tamen
442 3859 656 3932 reseroatofisca
667 3879 718 3933 pro
731 3863 970 3918 necessitatibaset
981 3883 1044 3948 ope-
1092 3875 1120 3920 et
1130 3865 1241 3920 arbitrio
1249 3863 1434 3934 judicantium,
1443 3879 1503 3932 arg.
1517 3863 1535 3914 l.
1549 3859 1634 3930 taff
1647 3863 1682 3916 de
1693 3872 1751 3916 test.
1764 3863 1782 3914 l.
1797 3877 1820 3916 4.
1824 3861 1868 3932 ff.
1880 3863 1915 3918 de

1953 3734 1967 3776 1

255 3940 330 3994 rt'bus
340 3942 472 4007 poblicisc
482 3947 566 3999 ratio.
578 3965 606 3998 n.
621 3959 663 4000 et.
677 3957 718 3999 44.

221 4025 294 4079 Olim
316 4041 447 4092 personae
467 4029 597 4098 publicae
615 4029 735 4102 propriis
759 4028 906 4100 stipendiis
927 4049 1043 4089 munera

257 4109 396 4164 obterunt.
409 4130 437 4164 n.
452 4125 495 4165 st.

219 4196 284 4249 Nan
304 4213 366 4250 cero
380 4197 410 4250 in
425 4211 468 4250 res
476 4197 598 4266 publicas
617 4195 656 4252 cd
666 4215 746 4253 asum
770 4199 870 4256 citiam
887 4197 1044 4256 destinatae.

258 4297 286 4332 n.
309 4293 354 4338 ee.

1085 3951 1153 4023 jare
1163 3950 1270 4004 deliber.
1284 3948 1492 4006 444111444414.
1507 3948 1567 4022 a.j.
1580 3967 1607 4021 9.
1621 3948 1638 3999 1
1655 3958 1680 3999 4.
1694 3965 1719 4002 4.
1733 3959 1756 4001 4.
1776 3965 1831 4004 444.
1855 3959 1914 4004 114.

1093 4057 1122 4092 a.
1139 4047 1180 4090 tt.
1192 4047 1303 4110 444499.
1863 4083 1866 4093 ,

1129 4123 1298 4178 1444144444
1316 4135 1406 4176 causas
1424 4121 1472 4177 1444
1497 4121 1636 4178 cotnmode
1662 4123 1753 4178 reduci
1780 4141 1856 4198 poste
1880 4129 1914 4183 ad
1951 4155 1965 4193 t

1093 4209 1144 4262 tria
1163 4211 1225 4276 ista,
1245 4209 1434 4264 necessitatem
1453 4210 1512 4262 scil.
1531 4209 1676 4264 utilitatem
1698 4219 1726 4263 et
1744 4211 1881 4281 pietatem.

1128 4294 1226 4348 04144414
1242 4293 1316 4366 prius
1335 4293 1451 4365 experiri
1470 4293 1568 4346 debere
1580 4294 1715 4346 civitatem
1727 4305 1868 4365 autequam
1881 4293 1913 4346 441
1952 4323 1965 4363 9

221 4363 518 4438 lliltilrelinqnendnm
536 4367 804 4426 administratoribus
830 4375 973 4441 civitatis,
990 4394 1043 4447 quo
1092 4379 1267 4434 alienationes
1286 4395 1376 4433 rerum
1396 4395 1506 4432 suarum
1527 4379 1666 4450 procedet,
1693 4397 1709 4434 e
1732 4395 1761 4434 re
1785 4391 1811 4436 ct
1832 4385 1916 4436 selme

193 4488 206 4511 .
256 4450 399 4518 superbiae
410 4452 534 4505 etluoeai
544 4451 713 4522 indulgeant.
727 4473 755 4508 n.
769 4467 809 4509 41.
825 4469 866 4510 44.
1093 4467 1150 4533 ejus
1167 4481 1225 4518 cese
1242 4463 1361 4518 ridetur:
1381 4479 1433 4516 non
1456 4463 1494 4516 144
1512 4461 1591 4516 iacile
1608 4463 1682 4517 enim
1701 4463 1779 4527 bona.
1796 4481 1914 4538 praeser-

221 4532 309 4587 Cnuta
321 4535 489 4588 necessitatis
499 4538 577 4588 ettam
590 4535 794 4608 dr'citnrstsmet.
808 4559 835 4594 n.
851 4551 894 4595 44.
1094 4549 1141 4602 tim
1159 4547 1321 4614 immobilia,
1342 4557 1532 4618 recuperantur
1549 4565 1629 4618 quarn
1647 4547 1808 4608 alienantur.
1838 4551 1913 4609 Beue

224 4616 396 4682 (11401114ῑί444
408 4618 552 4673 diducitur·-
567 4637 592 4671 n.
611 4633 653 4673 ²⁰¹·
664 4638 737 4695 4449·
1092 4649 1153 4702 ergo
1172 4631 1235 4686 iacit
1252 4632 1354 4698 civitas,
1372 4647 1437 4703 quac
1455 4647 1515 4685 curn
1534 4648 1625 4685 causae
1643 4633 1792 4704 cognitione
1809 4633 1910 4690 aliena·

221 4700 321 4754 Ciritae
331 4703 453 4770 94441444·
464 4703 625 4773 delinquens
636 4723 685 4758 nec
698 4707 815 4773 babens,
831 4711 902 4764 unde
914 4711 1042 4764 mulctam
1095 4717 1193 4770 tionem
1207 4717 1330 4771 innituit.
1343 4717 1418 4787 Quae
1429 4733 1522 4771 causae
1533 4717 1648 4788 cognitio
1661 4719 1764 4791 optime
1776 4717 1818 4790 iit,
1830 4740 1911 4793 quan.

257 4787 360 4922 4149111494
373 4785 474 4858 pettit.
494 4805 532 4842 tm
550 4787 626 4840 bona
643 4789 766 4846 cim'tatie
785 4805 856 4846 recte
873 4787 999 4850 alienet?
1017 4812 1045 4848 n.
1094 4805 1129 4857 do
1146 4804 1236 4859 4141144
1255 4803 1289 4856 de
1306 4803 1384 4858 bonis
1402 4814 1429 4858 44
1446 4802 1562 4858 lortuuis
1572 4805 1628 4859 44414
1640 4807 1708 4861 14444
1718 4825 1776 4862 4444
1788 4809 1909 4864 instruit:

296 4903 303 4918 a
343 4887 367 4928 fi.

225 4957 332 5023 Quaeri.
348 4957 470 5030 praq'ud.
493 4975 531 5010 an
556 4960 657 5014 civitas
681 4957 843 5031 delinquere
869 4973 896 5016 et
920 4964 953 5018 ab
978 4963 1046 5018 deli·

255 5047 328 5090 ctum
338 5041 437 5106 puniri
444 5040 546 5108 possiti
556 5041 763 5099 examinatura
772 5065 798 5098 n.
809 5057 850 5098 tt.
859 5067 942 5119 4449444
952 5049 989 5102 at
1001 5058 1043 5100 41.

221 5123 325 5176 64444444
335 5122 459 5176 utilitatis
469 5125 599 5179 evidentis
617 5125 718 5199 indicis
742 5129 859 5184 arbitrio
884 5133 1044 5204 relinquem-

253 5219 309 5276 tar,
323 5211 448 5279 nequeat
460 5223 597 5266 atterente
609 5215 781 5282 probandae.
797 5235 825 5270 n.
838 5229 881 5269 44.
895 5235 966 5290 4499.

222 5292 343 5346 Euident
354 5307 439 5347 conta
450 5304 582 5359 censetur,
594 5298 718 5353 alienare
729 5302 847 5368 praedia
855 5302 940 5370 plane
952 5303 1041 5373 insrn·

256 5387 360 5440 4444444,
372 5378 414 5430 441
424 5379 520 5448 quibus
530 5380 772 5451 colendisfrnctut
795 5403 853 5439 non
878 5387 1024 5459 sufficiant
1029 5427 1039 5455 ‚

1093 4889 1261 4943 4414444414
1279 4902 1364 4945 autern
1383 4907 1488 4944 necesse
1507 4899 1563 4960 444,
1581 4893 1737 4962 attineat,
1755 4913 1824 4952 anne
1840 4897 1908 4952 eliae
1948 4923 1960 4963 t

1093 4976 1147 5029 sint
1162 4991 1206 5029 res
1224 4984 1330 5046 praeter
1347 4975 1475 5047 praedia,
1494 4993 1560 5046 qnae
1583 4979 1748 5034 commodius
1767 4993 1792 5038 et
1809 4985 1910 5040 minori

1093 5079 1153 5115 corn
1171 5060 1314 5133 dispendio
1331 5059 1445 5114 distrahi
1463 5057 1588 5132 portent,
1606 5072 1637 5116 ut
1654 5077 1715 5120 sunt
1733 5065 1802 5122 bona
1821 5071 1909 5125 mobi-

1091 5147 1136 5210 lia,
1156 5155 1183 5198 et
1205 5147 1362 5217 praesertim
1382 5145 1428 5198 1114
1471 5163 1538 5218 quae
1563 5145 1640 5202 iaciie
1658 5149 1687 5202 in
1705 5150 1764 5206 41144
1788 5156 1910 5211 consumi

1091 5241 1218 5300 poseant:
1238 5229 1300 5282 item
1319 5246 1390 5284 aune
1407 5230 1500 5284 utilius
1523 5233 1560 5286 sit
1581 5233 1690 5301 praedia
1716 5235 1823 5308 pignori
1847 5239 1910 5298 dare

1090 5331 1168 5384 quarn
1185 5313 1309 5378 rendere,
1327 5313 1454 5368 alienatio
1471 5316 1544 5368 enirn
1563 5315 1608 5369 obi
1628 5321 1774 5374 accusarit
1790 5334 1849 5390 est,
1868 5325 1908 5379 ia·

441 5463 446 5474 Ι
506 5461 513 5475 ι
741 5467 748 5482 ι
1089 5398 1167 5452 cilios
1186 5396 1328 5468 aliquando
1346 5407 1373 5452 44
1390 5397 1481 5452 utilius
1498 5399 1648 5454 admittitur
1667 5403 1787 5474 pignoris
1805 5423 1906 5480 sappo·

256 5469 336 5528 449444
344 5477 490 5530 pecuniam
502 5463 566 5516 tntle
577 5463 716 5520 redactam
736 5487 765 5522 sn
785 5469 858 5524 alios
876 5487 941 5527 utut
963 5473 1038 5527 salu·
1088 5485 1162 5548 sitio,
1181 5503 1241 5556 arg.
1253 5484 1271 5537 l.
1285 5495 1307 5538 4.
1322 5485 1346 5552 §.
1363 5483 1444 5552 teffi
1457 5483 1581 5541 derebus
1593 5488 1769 5560 eonpaitub
1782 5501 1830 5544 tut.
1849 5493 1905 5548 114·
1944 5519 1958 5561 a

258 5541 362 5597 briores
372 5555 536 5642 connectere.
549 5565 577 5600 n.
589 5560 602 5600 4
610 5561 635 5602 4
648 5561 690 5602 44.
709 5562 768 5606 144.
1087 5587 1122 5623 ne
1139 5585 1171 5623 cx
1192 5568 1322 5624 fructibus
1340 5578 1386 5623 aut
1405 5569 1555 5625 redditibus
1569 5583 1672 5626 tanturn
1690 5572 1783 5628 haberi
1802 5582 1904 5647 possit,

225 5627 276 5692 Qu.
289 5643 325 5680 an
338 5627 578 5686 administratores
589 5635 706 5690 utitatis
715 5654 819 5708 944444
830 5651 857 5697 44
869 5661 982 5698 nemora
997 5641 1037 5699 ad
1082 5665 1209 5726 quantum
1228 5653 1380 5710 obrenienti
1399 5655 1548 5710 necessitati
1578 5652 1715 5715 4441141441
1738 5663 1905 5738 praeprimis
