4402 6284
197 309 228 364 bv
699 313 747 368 DE
765 313 1010 373 tttcsnttnottttt
1031 314 1198 372 tocntttttt
1217 329 1278 370 erc.
1741 317 1777 371 δι

144 411 306 481 negligentia
324 413 395 480 ejus,
414 411 460 484 qni
479 429 538 466 earo
558 411 687 485 potuisset
706 414 764 466 aitte
782 413 893 479 datiano,
921 417 959 467 ιιι
1015 417 1123 486 ligentia
1144 433 1189 468 sue
1210 413 1311 467 nemini
1332 411 1500 481 tencrone,
1520 411 1646 468 clamitosa
1667 413 1684 468 i.
1706 413 1830 468 tend.

144 507 215 549 certe
233 495 293 550 sine
310 513 404 568 magua
425 501 523 562 iactura
549 496 577 548 in
603 513 742 550 corrtmune
768 496 907 568 prodesse,
934 497 961 548 ivl
1015 515 1087 550 οιιιιι.
1108 515 1164 565 agr.
1186 495 1511 551 cccccccccc.
1533 497 1634 554 Cbriat.
1653 498 1706 552 ool.
1727 509 1753 552 ι.
1771 498 1827 551 dec.

146 579 234 636 facere
250 583 389 636 ιιιιιιιιὶι.
408 583 503 637 Klock.
522 583 548 636 ti.
566 583 584 636 t
603 601 629 636 ιι.
651 595 693 636 ιι.
1015 592 1056 634 ιι.
1075 599 1102 632 n.
1125 591 1146 632 t.

81 670 109 710 ιι
184 665 244 716 dlis
263 665 333 720 ratio
350 676 391 721 est
411 665 515 719 domini
540 666 688 720 ‹levereutis
707 666 786 717 tacite
804 665 941 736 praedium
1049 665 1100 718 Sed
1120 665 1144 718 si
1162 662 1295 718 alluvione
1313 664 1435 718 flaicinis
1460 674 1587 733 angeatur
1612 664 1731 735 fundas,
1749 685 1826 737 ange·
1868 669 1897 712 ⁴⁵

144 747 195 802 alia
213 751 290 813 eina,
309 751 356 819 qui
376 751 447 820 apud
466 760 519 804 acta
538 749 637 818 iudicis
660 745 829 820 probttctur,
849 767 877 803 se
895 750 963 804 selle
1016 761 1058 804 tur
1076 751 1156 803 etium
1177 765 1270 802 census
1289 747 1308 799 i.
1326 749 1374 802 alt.
1393 766 1416 802 o.
1435 749 1460 802 ci.
1481 747 1612 802 allucion.
1632 751 1729 806 allrtvio
1758 754 1830 806 euim

141 829 263 885 deserere
276 849 306 885 ac
318 832 508 904 derelinquere
520 833 648 898 fundum,
664 834 705 886 vel
729 835 805 910 alipii
823 835 962 904 resignare:
1014 838 1072 889 siue
1097 835 1186 888 lnbme
1211 849 1273 902 agro
1299 851 1358 886 meo
1382 833 1447 904 quid
1473 833 1569 901 adjicit
1589 834 1643 888 vid.
1663 835 1708 889 dn.
1729 837 1831 892 Brunu.

144 931 204 968 nava
226 914 275 969 ille
292 917 415 970 citandus
433 929 488 982 est,
506 920 524 970 i.
549 929 589 970 tt.
608 937 630 970 ι.
650 919 682 970 de
701 935 776 971 οιιιιι.
795 937 853 990 agr.
867 921 961 972 desert.
1015 923 1059 974 ad.
1080 921 1098 973 l.
1117 921 1164 974 nit.
1183 937 1205 971 c.
1224 919 1249 970 cf.
1268 929 1287 968 ι.
1306 919 1356 970 hoc
1374 928 1460 972 autem
1481 933 1589 987 magnos
1607 922 1830 991 sumptusevigit.
1871 921 1903 961 ⁴⁶

144 1011 168 1052 et
188 1001 306 1071 spatium
329 1015 353 1055 ι.
374 1003 504 1058 mensium
524 1003 683 1058 habetati.
705 1004 756 1058 ilic
776 1023 838 1057 nero
858 1017 962 1058 nonest
1016 1007 1103 1058 Perea.
1120 1002 1228 1072 quidem
1249 1002 1280 1053 ad
1301 1001 1341 1054 tit.
1358 1018 1382 1054 c.
1402 998 1435 1054 de
1453 1017 1531 1054 amn.
1549 1018 1607 1071 agr.
1626 1002 1720 1054 desert.
1740 1022 1767 1055 ιι.
1792 1017 1830 1056 ιι.

143 1083 286 1152 tilsndtts,
307 1085 353 1140 sed
374 1087 511 1158 praedium
532 1089 622 1140 statim
638 1085 668 1140 iit
683 1092 754 1156 rjus,
773 1089 819 1159 qui
841 1091 906 1142 illud
919 1109 963 1143 uc·
1015 1086 1145 1138 contrariu
1159 1095 1198 1138 est
1211 1084 1358 1150 sententia,
1376 1099 1437 1136 cnm
1456 1099 1508 1152 qttu
1527 1083 1606 1137 sentit
1626 1085 1699 1136 Petr.
1717 1083 1832 1156 Gregor.

142 1168 268 1236 eupavit,
286 1178 314 1222 ιι
332 1165 398 1222 tisoo
424 1171 505 1224 solvit
533 1170 643 1235 tributu,
664 1189 713 1224 nec
738 1172 861 1224 dominus
887 1171 963 1224 habet
1016 1171 1034 1222 l.
1058 1181 1099 1222 ιο.
1118 1179 1256 1240 syntagm.
1275 1185 1299 1220 c.
1319 1179 1342 1220 ι.
1363 1187 1390 1220 ιι.
1410 1180 1436 1222 ι.
1457 1169 1509 1218 Du.
1536 1168 1626 1221 Strcr.
1651 1170 1762 1224 exercit.
1790 1180 1832 1222 ιι.

143 1261 305 1321 potestatem
327 1253 468 1308 revocandi
487 1255 506 1307 t.
528 1265 567 1308 tt.
586 1274 610 1308 e.
628 1255 654 1307 d.
673 1265 692 1306 t.
711 1255 778 1308 Nam
800 1258 839 1318 is,
857 1257 902 1326 qui
923 1258 963 1320 iu·
1018 1255 1052 1306 tir.
1075 1265 1116 1307 ιι.
1135 1254 1275 1318 dicentes,
1295 1253 1318 1306 si
1342 1269 1390 1323 per
1413 1252 1573 1305 alluvionem
1600 1263 1725 1323 augeatur
1750 1271 1831 1324 agr-r,

142 1330 283 1390 dicialitev
300 1335 386 1402 dicit,
408 1352 437 1391 se
461 1339 527 1390 velle
550 1338 670 1392 deserere
695 1339 826 1402 fundum,
853 1340 964 1392 declarat
1018 1345 1158 1407 propterea
1184 1351 1270 1390 tamen
1296 1353 1350 1389 uon
1375 1335 1523 1406 eugendum
1549 1353 1608 1390 esse
1632 1353 1757 1404 censum,
1785 1339 1833 1392 seri

145 1413 311 1472 sufficienter
330 1421 492 1476 volantatem
512 1439 600 1484 snum,
619 1423 688 1492 quod
710 1425 778 1476 nolit
798 1425 914 1492 amplius
937 1442 963 1474 a·
1017 1421 1224 1474 curatiuuuudum
1253 1421 1350 1485 illum,
1368 1421 1414 1490 qui
1439 1420 1472 1472 ab
1498 1419 1578 1474 initio
1603 1419 1763 1491 impositus,
1782 1439 1833 1492 pro

144 1501 313 1570 crumillam
323 1503 471 1574 possidere:
485 1505 596 1578 iusuper
607 1507 739 1560 confessio
752 1507 888 1575 judicialia
901 1525 967 1560 aem·
1017 1505 1191 1560 tirudamcnto
1212 1507 1292 1560 t‘erea
1310 1505 1336 1559 d.
1353 1503 1372 1556 1.
1391 1504 1518 1575 supponit
1536 1504 1571 1570 (t.
1591 1503 1638 1558 ait.
1658 1503 1684 1556 d.
1700 1505 1833 1561 allucion.

140 1601 192 1656 pet·
210 1588 370 1658 praejudicat
390 1586 543 1655 confitenti,
562 1610 593 1644 ac
611 1593 729 1644 revocari
748 1592 807 1644 siue
826 1609 900 1645 caiisa
916 1609 965 1645 nutv
1018 1593 1203 1656 ubidicitur,
1230 1591 1255 1644 si
1282 1607 1329 1663 per
1354 1591 1515 1646 alluvionem
1535 1589 1599 1659 quid
1618 1591 1756 1657 adjectum
1776 1591 1829 1656 sit,

141 1675 244 1738 potest.
263 1671 397 1727 Mascurd.
415 1671 570 1742 deprecat.
589 1674 642 1726 ual.
663 1685 684 1723 t.
703 1673 791 1726 conci.
812 1673 966 1726 cinctui·
1018 1677 1067 1731 boc
1086 1677 1179 1730 deberi
1200 1677 1343 1747 seperatim
1363 1673 1484 1728 censeri:
1507 1673 1570 1726 baec
1595 1673 1672 1727 verba
1698 1691 1760 1727 vero
1784 1677 1833 1729 boc
1870 1687 1900 1728 tt

141 1755 210 1806 stin.
229 1756 287 1808 oui.
303 1769 327 1808 ι.
340 1757 396 1810 dec.
417 1769 461 1810 ιι.
480 1777 508 1811 ιι.
530 1771 571 1810 ιι.
591 1767 633 1810 ιι.
650 1775 723 1829 seqq.
741 1757 843 1809 Pucinu.
859 1757 891 1810 de
902 1775 966 1826 pro·
1016 1780 1069 1814 nou
1090 1763 1193 1824 colunt,
1215 1760 1285 1832 quod
1303 1769 1379 1814 uncto
1396 1759 1431 1810 ob
1450 1759 1609 1812 alluvionem
1629 1756 1726 1823 fundo,
1747 1757 1833 1812 tribu·

140 1836 200 1890 sar.
222 1840 240 1890 t.
263 1851 285 1891 ι.
302 1857 327 1894 e.
339 1853 362 1893 s.
376 1841 516 1895 Confessio
526 1841 628 1911 qnippe
641 1840 708 1892 facta
722 1842 750 1892 in
761 1841 863 1910 judicio
879 1853 963 1896 tautae
1018 1857 1071 1898 tum
1092 1863 1143 1898 nun
1165 1845 1258 1897 debeat
1277 1848 1388 1914 nitgeri,
1407 1843 1451 1896 uei
1464 1844 1549 1912 piune
1573 1861 1629 1894 non
1647 1844 1754 1897 censeri
1768 1845 1832 1904 alias

140 1933 183 1975 est
202 1920 353 1991 efficaciae,
373 1937 400 1979 ut
422 1928 514 1981 habeat
536 1928 586 1981 cim
606 1929 770 1991 sententiae,
790 1941 814 1981 et
833 1928 871 1979 rci
891 1930 961 1995 jvuii·
1016 1931 1089 1982 euim
1109 1929 1315 1984 contrusi-aretur
1336 1928 1503 1994 antecedenti
1523 1929 1541 1980 l.
1561 1939 1585 1978 ι.
1604 1945 1627 1980 ι.
1647 1927 1681 1983 de
1699 1928 1831 1984 alluvion-

141 2019 234 2071 eatae,
253 2009 281 2062 iu
301 2011 550 2075 civilibus,etnon
569 2023 688 2084 espectet
710 2011 798 2074 aliud,
818 2011 871 2064 uisi
891 2031 966 2082 pme·
1017 2029 1049 2064 es
1069 2033 1118 2084 qun
1138 2018 1202 2070 satis
1228 2017 1298 2068 clure
1325 2014 1486 2069 contrarium
1513 2011 1669 2082 colligitur,
1688 2032 1782 2088 nempe
1800 2034 1833 2070 ex

140 2103 249 2162 ceptum
270 2094 304 2147 de
324 2096 469 2156 solvendo.
488 2107 515 2149 ut
545 2097 623 2148 traiiit
655 2097 793 2150 Mascard.
813 2098 840 2148 cl.
857 2098 876 2150 l.
894 2115 920 2149 n.
944 2110 963 2152 ι.
1018 2100 1118 2152 verbis:
1132 2117 1199 2172 quos
1212 2100 1357 2154 inundatio
1369 2097 1504 2171 flaicinis
1521 2097 1637 2152 reddidit
1653 2099 1772 2164 ditiores,
1781 2118 1832 2168 pro

144 2175 206 2230 lvuo
224 2193 380 2247 expressam
401 2180 500 2232 inducit
520 2178 755 2232 renunciationem.
770 2177 885 2244 Accedit,
897 2181 965 2248 quod
1016 2184 1094 2236 terris
1106 2203 1173 2252 qaas
1183 2184 1324 2254 possident
1342 2183 1503 2236 tributorum
1519 2183 1732 2252 praestationem
1745 2202 1832 2254 ugno-

143 2261 209 2324 itta,
228 2279 296 2331 quae
313 2263 347 2316 ab
366 2264 447 2316 initio
467 2275 527 2317 sunt
545 2264 704 2328 voluntatis,
723 2279 756 2314 ιιι
777 2275 832 2330 post
852 2261 921 2314 facto
934 2261 964 2314 ti·
1015 2279 1102 2320 scutit.
1122 2268 1169 2318 Cui
1190 2269 1261 2320 eniru
1282 2283 1330 2337 per
1348 2267 1508 2319 allusionem
1532 2265 1740 2319 emolumentum
1764 2269 1833 2337 adji-

139 2357 186 2399 ιιιι
206 2348 393 2411 necessitatis,
415 2350 532 2419 adeoque
556 2349 681 2402 sert-nmio
707 2348 780 2401 sint:
798 2357 825 2400 et
843 2348 866 2401 si
886 2348 966 2401 toties
1017 2351 1102 2416 citur,
1121 2350 1207 2403 eidem
1226 2367 1295 2403 ortus
1317 2349 1411 2402 tributi
1431 2349 1558 2401 accrescit
1577 2349 1739 2404 Gothofred.
1759 2354 1825 2408 adl

138 2429 244 2496 quoties
262 2430 488 2495 variarelieeret,
507 2448 622 2501 moxque
641 2433 964 2498 ‹lesetere‚monituruna
1019 2447 1042 2489 ι.
1060 2453 1083 2488 e.
1101 2436 1127 2488 d.
1148 2432 1279 2488 ailuuioa.
1297 2434 1356 2504 ig.
1377 2432 1429 2487 Sed
1450 2433 1499 2486 buc
1519 2432 1608 2503 potins
1627 2434 1833 2503 supultureala.
1870 2439 1901 2480 ⁴⁵

143 2529 236 2582 agrum
256 2517 309 2584 jam
328 2517 363 2569 ab
380 2519 433 2570 alio
450 2529 604 2588 occupatum
625 2528 760 2589 repetere,
778 2517 840 2586 quis
861 2517 966 2571 tetidem
1017 2520 1035 2570 l.
1053 2517 1127 2588 qnod
1142 2516 1227 2583 iilud,
1247 2516 1321 2588 puori
1333 2533 1384 2584 per
1401 2515 1537 2569 attactae.
1558 2516 1679 2583 accessit,
1695 2537 1751 2572 non
1766 2539 1832 2588 pos-

143 2603 229 2654 torum
247 2603 383 2656 desertum
402 2603 566 2676 occuparet?
582 2606 655 2656 Hinc
668 2604 694 2656 iil
709 2604 806 2656 merito
821 2615 966 2673 receptum,
1015 2603 1052 2656 sit
1067 2603 1214 2674 separatim
1233 2601 1352 2663 censeri,
1366 2617 1416 2653 nec
1427 2599 1576 2668 separatim
1591 2602 1626 2654 ab
1638 2619 1669 2656 ea
1685 2617 1832 2672 augurento

144 2703 177 2738 ne
194 2690 251 2756 agri
271 2689 382 2758 penitus
402 2702 523 2745 maneant
540 2690 652 2755 deserti,
666 2691 711 2742 sed
731 2690 836 2743 debitae
853 2691 968 2743 culturae
1008 2684 1176 2756 sanniones
1197 2685 1382 2756 postulandas
1400 2700 1473 2750 ease,
1490 2683 1540 2738 sed
1555 2700 1615 2738 cum
1634 2705 1666 2740 eo
1673 2685 1772 2756 sanda
1791 2693 1837 2746 cua·

144 2775 336 2839 restituantur,
355 2791 417 2827 snae
442 2775 515 2828 enim
542 2774 679 2838 incuriae,
707 2791 819 2844 aviaeque
843 2771 967 2825 facilitati
1018 2772 1140 2842 adjacet,
1157 2769 1281 2840 judicari
1297 2768 1390 2822 dederi
1407 2769 1433 2820 d.
1452 2769 1470 2820 t.
1490 2780 1513 2822 ι.
1526 2785 1549 2821 c.
1568 2769 1595 2824 d.
1609 2770 1741 2826 ailuuioa.
1754 2773 1788 2829 Et
1801 2776 1833 2831 ita
1873 2793 1903 2833 sa

145 2857 278 2926 ivupoture
295 2857 448 2926 halel,qci
468 2857 628 2925 jtvdicinliter
644 2853 805 2921 cottbtetur,
828 2873 855 2908 se
877 2875 967 2925 ugrum
1018 2859 1090 2910 tiana
1109 2857 1125 2908 I.
1146 2856 1299 2923 intelligunt
1325 2855 1420 2908 Glossa
1440 2853 1466 2904 Ιι.
1485 2863 1511 2906 ιι
1531 2851 1642 2924 sutyoet.
1668 2853 1765 2928 Culleg.
1785 2861 1834 2915 ta-

149 2957 227 2994 svvum
246 2943 370 2996 deserere
388 2943 469 3005 aelle,
488 2959 568 3013 quem
590 2953 680 3012 postea
699 2957 853 3012 recuperare
870 2943 968 2995 allulo-
1017 2939 1193 3010 gemmatici
1213 2940 1254 2992 tit.
1271 2937 1297 2992 d.
1316 2960 1343 2993 ιι.
1362 2954 1384 2992 r.
1402 2939 1428 2990 d.
1446 2935 1485 2990 ιΙι.
1510 2947 1553 2991 ιι.
1574 2938 1649 2992 cirea
1665 2939 1726 3011 fin.
1751 2941 1833 3000 Boer.

148 3037 198 3079 rat.
217 3027 269 3096 Qui
288 3043 347 3081 vero
366 3027 479 3081 fundum
500 3027 716 3098 patrimonialem
737 3026 868 3097 principis
888 3025 968 3079 steri·
1018 3025 1098 3080 decis.
1118 3039 1159 3080 sc.
1179 3043 1205 3077 ιι.
1225 3037 1251 3078 ι.
1269 3021 1371 3094 confir.
1395 3024 1530 3076 parmena.
1550 3024 1578 3076 itt
1599 3032 1632 3076 tr.
1651 3025 1684 3078 de
1703 3027 1833 3084 uliuua'on.

143 3116 216 3178 lem,
234 3124 261 3167 et
279 3115 313 3167 ob
333 3114 517 3178 sterilitatem,
533 3114 668 3166 desertum
688 3097 800 3165 colendo
819 3109 852 3164 ud
873 3111 967 3180 pristi-
1018 3110 1035 3161 l.
1052 3121 1076 3160 ι.
1095 3125 1118 3160 a.
1133 3121 1157 3161 s.
1172 3127 1199 3160 ιι.
1215 3118 1254 3160 ιι.
1267 3117 1293 3160 ιι
1308 3107 1419 3174 lidring.
1432 3106 1461 3158 in
1477 3106 1628 3162 bibliothec.
1643 3109 1732 3164 Jetor.
1745 3113 1773 3166 in
1788 3133 1834 3169 uo·
1947 3160 1950 3167 .

147 3213 209 3248 uam
232 3199 334 3250 reducit
355 3197 548 3262 fertilitatem,
567 3197 625 3249 loco
643 3196 776 3266 praemii,
796 3207 923 3267 perpetuo
941 3207 968 3250 et
1020 3211 1050 3244 ce
1069 3191 1171 3246 alluvio
1192 3209 1219 3244 ιι.
1241 3203 1283 3244 ιι.
1302 3191 1355 3242 Du.
1375 3189 1521 3244 Bruuuem.
1540 3191 1577 3245 ad
1593 3193 1612 3245 l.
1630 3193 1679 3247 ult.
1698 3212 1722 3249 c.
1739 3197 1774 3249 de
1793 3199 1834 3252 al·

143 3281 330 3335 haereditario
347 3285 406 3351 jure
425 3283 500 3334 illum
519 3280 630 3332 fvrtvdum
651 3279 783 3351 possidet,
803 3292 829 3332 et
848 3283 966 3344 retinet,
1018 3277 1119 3331 lucion.
1138 3277 1181 3346 (ι.
1202 3293 1230 3328 se
1248 3271 1343 3327 fundat
1363 3275 1453 3327 Peren.
1471 3275 1496 3328 d.
1514 3275 1533 3327 1.
1551 3275 1579 3328 ia
1600 3276 1619 3330 f.
1639 3289 1680 3332 ιι.
1701 3285 1722 3342 ι.
1741 3281 1781 3333 ιίι
1789 3280 1833 3352 ff

143 3365 231 3430 adeo,
250 3375 279 3418 ut
298 3382 347 3418 nec
365 3365 518 3435 rescripto,
538 3381 586 3416 neo
605 3364 778 3417 annotatione
795 3365 913 3435 supplici
933 3366 964 3416 li·
1017 3362 1099 3415 locut.
1127 3371 1167 3412 ιι.
1194 3360 1239 3412 ubi
1267 3358 1390 3425 dicitur,
1415 3359 1601 3413 conductorem
1627 3363 1762 3418 modicum
1788 3367 1832 3420 da·

147 3447 220 3502 bello
239 3447 326 3511 facta,
344 3450 378 3503 ab
396 3451 450 3502 alio
468 3449 513 3501 bic
530 3465 592 3517 ager
611 3448 662 3518 ipsi
688 3446 788 3500 artferri
808 3449 913 3519 possit,
933 3467 966 3502 ne
1018 3463 1111 3498 marum
1127 3462 1210 3513 aequo
1228 3443 1317 3496 auimo
1342 3444 1394 3514 puti
1413 3442 1530 3510 debere,
1554 3447 1680 3514 quoniam
1706 3447 1757 3520 ipsi
1778 3452 1828 3503 im¹
1869 3461 1902 3501 tc

143 3533 214 3586 alius
238 3533 420 3597 incommoda,
436 3535 504 3586 ullus
517 3551 578 3586 crro
591 3533 746 3595 commoda,
760 3533 847 3586 alieno
861 3535 965 3601 labore,
1016 3529 1150 3584 modicum
1169 3527 1270 3578 lucrum
1291 3545 1342 3579 ιιιιιι
1368 3525 1506 3592 aufertur,
1528 3531 1577 3581 sed
1597 3530 1639 3581 lex
1660 3531 1703 3584 illa
1725 3549 1833 3604 prorsus

145 3617 287 3688 cliensque
306 3619 435 3672 industria
453 3629 480 3671 et
500 3617 612 3670 fruendo
636 3618 753 3681 sentiat,
780 3618 851 3672 saltu
877 3631 964 3674 tarneu
1015 3631 1068 3666 non
1089 3612 1204 3680 intuitur
1228 3612 1261 3666 dc
1285 3611 1438 3678 alluvione,
1459 3613 1505 3666 sed
1527 3611 1560 3666 de
1581 3613 1710 3670 locatione
1728 3628 1754 3671 et
1773 3635 1834 3672 cou-

143 3721 254 3776 aemper
268 3717 353 3758 manet
367 3704 452 3757 debiti
467 3702 559 3758 tributi
572 3703 725 3773 praestatio.
738 3703 831 3759 ιιι.
845 3707 877 3760 ele
890 3727 965 3762 oran.
1020 3700 1160 3763 ductione,
1179 3714 1241 3767 ergo
1261 3699 1312 3751 huc
1331 3717 1383 3752 nou
1402 3699 1502 3768 poterit
1521 3698 1606 3752 trabi:
1623 3700 1777 3770 pensionem
1791 3725 1835 3759 au·
1934 3761 1938 3768 ,

146 3811 205 3864 agr.
218 3791 316 3844 desert.
328 3788 419 3858 ibique
431 3788 476 3840 dn.
492 3787 638 3840 Brutinem.
1016 3799 1069 3842 tem
1089 3788 1116 3838 in
1135 3793 1269 3838 mrrtrnctu
1288 3784 1366 3837 locati
1385 3783 1529 3848 conducti,
1555 3785 1591 3838 ob
1617 3783 1768 3842 ubertatem·
1789 3811 1834 3846 uu·

181 3875 296 3948 Quaado
319 3873 419 3942 uliquis
444 3871 550 3943 praedia
575 3873 682 3925 deserta
700 3893 714 3925 a
733 3877 967 3945 persequutoribus
1015 3873 1071 3942 geri
1092 3889 1143 3924 ιιοιι
1171 3887 1246 3940 posse
1265 3867 1341 3933 fuse,
1361 3881 1454 3940 cipro
1474 3887 1547 3924 more
1565 3887 1612 3924 sno
1631 3882 1754 3927 accurate
1773 3873 1834 3930 duc.
1925 3923 1928 3930 .

147 3959 267 4031 accepit,
285 3975 351 4028 quse
371 3973 423 4010 uon
444 3953 630 4010 tantuvu'liscu
653 3958 687 4010 ob
712 3961 812 4012 tributa
829 3961 965 4031 obligata,
1015 3955 1144 4010 Fruntci.
1162 3951 1249 4023 adff.
1268 3955 1309 4006 tit.
1327 3954 1383 4007 loc.
1400 3955 1481 4008 cond.
1501 3975 1528 4008 n.
1554 3967 1611 4009 ιιι.
1628 3973 1701 4030 seqq.

143 4049 189 4103 ant
210 4049 291 4101 etiam
316 4043 480 4098 naviculario
503 4044 580 4098 oncri
604 4043 719 4098 obnoxia
740 4055 820 4110 suttt,
840 4045 890 4099 hoc
907 4047 968 4116 qui·
1051 4037 1129 4110 Quod
1149 4055 1236 4091 ΝΟΜ
1255 4035 1341 4106 Βθῖεἷῖ
1361 4037 1439 4106 eique
1466 4038 1566 4094 vicione
1585 4038 1711 4110 Galliac,
1730 4043 1760 4096 io
1778 4061 1834 4097 ms·
1872 4054 1900 4094 51

143 4135 204 4188 dem
223 4149 305 4187 onere
325 4129 487 4185 naviculario
505 4129 614 4183 liberari
635 4147 687 4182 noa
708 4139 796 4200 potest
814 4147 966 4198 possessor,
1016 4125 1081 4176 teria
1099 4138 1220 4189 agrorum
1241 4121 1409 4176 deserturum
1428 4125 1535 4188 attinet,
1548 4125 1617 4176 nulli
1637 4126 1736 4196 privata
1750 4142 1835 4182 auctu-

144 4222 191 4277 aed
212 4220 241 4272 in
259 4217 386 4272 omuibus
406 4214 467 4268 aliia
489 4213 576 4268 titulis
601 4209 738 4266 fiscalibus
763 4215 859 4268 leuiora
885 4233 964 4268 onera
1016 4208 1096 4261 ritule
1113 4206 1177 4259 iicet
1194 4223 1270 4274 agros
1289 4203 1427 4273 desertos,
1448 4217 1476 4261 et
1494 4208 1587 4262 domus
1606 4209 1690 4281 (quae
1707 4211 1833 4268 bntvver·

142 4304 280 4377 agnoscit,
298 4299 361 4371 quia
381 4299 444 4352 baec.
464 4298 572 4370 praedia
590 4298 657 4350 alius
683 4297 786 4352 nullum
813 4300 967 4354 invenirent
1015 4293 1074 4364 piae
1092 4308 1139 4364 pro
1159 4307 1186 4344 rc
1206 4289 1298 4343 mobili
1323 4290 1456 4346 babeutur
1482 4292 1614 4348 Christin.
1640 4296 1699 4350 voi·
1729 4311 1751 4349 t.
1778 4297 1834 4352 dec.

145 4401 349 4464 passessorem,
374 4383 500 4453 qnoniam
525 4381 626 4452 duplici
652 4399 732 4435 onere
757 4395 862 4452 proruta
882 4392 964 4448 suut,
1019 4389 1078 4431 ιιι.
1096 4395 1126 4430 ιι.
1146 4377 1207 4441 ιι.)
1226 4375 1424 4446 possessoribus
1448 4392 1543 4430 vncuas
1561 4395 1690 4448 occupare
1698 4389 1709 4440 ’,
1729 4381 1770 4434 rel
1789 4401 1834 4436 oc·

144 4491 208 4530 cnm
230 4483 318 4527 tamen
339 4487 418 4521 nemo
437 4465 544 4537 duplici
563 4465 599 4518 sit
614 4465 766 4519 onerandus
788 4484 878 4520 onere.
899 4477 923 4517 ι.
941 4465 964 4538 5.
1014 4459 1134 4534 cupaudo
1148 4477 1193 4512 sna
1206 4459 1312 4524 facere,
1331 4458 1384 4511 nisi
1402 4459 1509 4513 accedat
1526 4463 1671 4515 auctoritas
1689 4463 1832 4534 principis,

147 4551 559 4626 s.ffiad1.lilrcd.d·jact.
581 4550 682 4603 Tnseb.
707 4549 794 4603 conci.
824 4563 882 4604 ιιι.
900 4552 918 4604 l.
936 4571 965 4605 o.
1016 4556 1063 4599 ιιιι
1081 4543 1184 4598 &mini
1202 4543 1271 4610 loci,
1288 4544 1610 4613 quorumestagroaillos
1628 4559 1833 4616 occuparetnru·

148 4643 230 4696 liarb.
253 4653 293 4692 ιι.
316 4656 339 4693 ι.
367 4648 409 4690 ιι.
436 4636 543 4690 accium.
563 4647 588 4687 ι.
606 4633 640 4688 Ει
658 4644 780 4704 pravatus
799 4637 826 4688 in
846 4655 899 4690 uno
917 4637 963 4690 dc·
1014 4647 1093 4702 qnam
1112 4646 1186 4694 suase
1204 4629 1228 4683 ai
1246 4639 1334 4682 tumen
1352 4627 1435 4697 aliqui
1454 4629 1554 4698 privati
1578 4628 1730 4700 compendii
1757 4649 1832 4686 causa
1870 4645 1903 4686 ιι

150 4729 210 4781 beat
228 4723 338 4778 celerari
366 4721 400 4773 in
421 4720 505 4772 alteru
529 4717 651 4787 Philipp·
677 4718 732 4775 dec.
751 4719 779 4772 ιἰι
799 4717 816 4771 1.
839 4729 879 4770 ιι.
898 4719 924 4772 d.
943 4737 965 4773 r.
1016 4734 1092 4786 agros
1110 4715 1175 4770 istos
1194 4714 1325 4768 coluerint
1343 4713 1438 4767 irasciis
1457 4713 1699 4787 dominis,operae
1718 4717 1833 4786 pretium

143 4813 163 4864 ι’.
184 4829 213 4864 ιι.
234 4819 261 4860 ι.
279 4808 386 4860 llartra.
405 4803 502 4868 Pistor.
522 4802 540 4854 i.
562 4811 586 4856 ι.
602 4819 628 4872 p.
653 4811 675 4852 t.
694 4820 720 4874 q.
744 4815 782 4855 ιι.
795 4820 823 4854 ιι.
839 4815 882 4854 ιι.
894 4801 964 4857 Cun-
1016 4812 1044 4855 ιι
1062 4800 1162 4853 nmina
1183 4816 1235 4852 uon
1253 4797 1370 4870 perdunt
1381 4837 1390 4864 ,
1410 4809 1439 4852 at
1456 4795 1556 4851 fructus
1574 4815 1639 4868 quoa
1664 4799 1727 4852 iude
1745 4817 1832 4871 pene·

143 4895 195 4950 fer.
214 4894 234 4946 i.
257 4903 296 4944 ts.
314 4906 336 4943 c.
356 4888 381 4941 d.
400 4904 476 4940 oran.
496 4902 555 4958 agr.
575 4883 672 4939 desert.
690 4903 756 4953 quae
773 4884 910 4956 desumpta
924 4897 964 4942 ιιι
1017 4891 1268 4956 perunt,coquutur
1286 4899 1393 4937 reverso
1412 4881 1589 4953 proprietario
1606 4881 1764 4938 restituere:
1780 4885 1833 4939 uisi
1873 4898 1903 4940 ιι

144 4995 178 5033 ιι
198 4975 293 5032 codice
311 4969 492 5028 theodosiano
506 4987 584 5040 quem
598 4969 643 5022 rid
665 4969 774 5023 ereeda't.
789 4969 888 5023 Jucob.
909 4969 964 5025 Go-
1020 4967 1170 5021 triennium
1191 4976 1273 5020 totum
1292 4965 1335 5037 (ut
1351 4965 1439 5020 uariae
1456 4967 1662 5021 consuetudines
1680 4969 1836 5038 loquuntur)

144 5057 267 5128 tiaasred.
285 5069 305 5110 t.
326 5066 351 5108 ι.
361 5075 386 5124 p.
399 5073 435 5108 m.
456 5065 497 5106 ιι.
516 5053 562 5106 ubi
582 5051 743 5108 Gotbofred.
758 5071 785 5122 p.
802 5063 843 5104 ιι.
858 5053 891 5106 de
903 5072 966 5109 oue·
1012 5070 1088 5122 agros
1105 5052 1265 5122 reliquerit,
1284 5061 1312 5105 et
1329 5049 1406 5122 quasi
1423 5049 1586 5117 deseruerit,
1604 5071 1656 5122 quo
1680 5070 1742 5106 casu
1768 5053 1831 5106 edi·
1906 5075 1910 5082 ·

142 5163 172 5198 re
190 5139 359 5198 naviculario
372 5137 429 5192 fusc
448 5136 512 5206 agit.
526 5135 556 5190 Si
569 5137 667 5206 aliquis
685 5136 818 5209 principis
835 5140 965 5195 voluntate
1016 5135 1069 5188 ctis
1089 5135 1219 5190 vocandus
1237 5155 1251 5187 a
1271 5134 1380 5188 domivm
1399 5134 1471 5201 loci,
1490 5136 1530 5190 tel
1554 5136 1727 5205 magistratu,
1746 5147 1775 5190 ut
1793 5155 1835 5190 re·

140 5227 286 5299 accepisset
311 5223 423 5279 fundana
449 5219 664 5292 patrimonialem
690 5219 826 5274 desertum
856 5221 884 5276 in
908 5241 964 5277 em·
1014 5217 1090 5286 dcet,
1110 5231 1136 5274 ιι
1155 5216 1266 5272 fundum
1284 5237 1360 5273 auum
1378 5217 1504 5284 eolutgid
1522 5221 1545 5272 si
1566 5219 1835 5286 coniecerit,omuu

141 5309 306 5386 phyteusio,
325 5307 458 5380 promisso
475 5316 546 5359 certo
563 5319 651 5357 annuo
669 5319 790 5370 canone,
807 5306 854 5374 qni
874 5316 962 5359 tamen
1015 5303 1140 5358 damnum
1159 5303 1224 5358 iude
1242 5301 1419 5374 proveniens,
1437 5313 1465 5357 et
1482 5305 1575 5356 lucrun
1592 5319 1714 5369 cessnns,
1734 5305 1832 5356 sarcire

141 5413 263 5453 sticcessu
282 5392 424 5465 temporis,
438 5407 498 5444 eum
511 5405 602 5457 agrum
615 5387 645 5441 ad
658 5391 785 5442 culturam
801 5390 878 5443 talem
892 5387 963 5443 rett-
1015 5379 1137 5443 debebit:
1156 5389 1259 5460 puterit
1277 5397 1366 5442 tamen
1385 5389 1578 5459 proprieterius
1595 5389 1668 5441 bisce
1678 5388 1706 5440 in
1718 5405 1834 5442 cucurum-

142 5485 198 5551 ιιι,
212 5491 241 5535 nt
252 5496 313 5534 cum
331 5475 442 5548 optimis
456 5471 573 5545 praediis
585 5471 619 5524 ds
633 5471 775 5528 fertilitate
793 5483 888 5538 certet,
904 5473 964 5528 ideo
1016 5473 1060 5526 dis
1079 5491 1108 5526 se
1125 5475 1261 5538 liberare,
1286 5474 1312 5526 si
1336 5471 1529 5540 declaraverit,
1546 5485 1574 5529 et
1592 5471 1776 5538 consenserit,
1802 5486 1831 5526 ut

143 5581 235 5622 samen
255 5563 289 5619 ad
310 5563 437 5629 majorem
457 5573 582 5612 mitonem
602 5556 755 5611 solvendum
774 5558 898 5629 compelli
912 5576 966 5612 non
1018 5557 1143 5611 dominus
1161 5558 1280 5612 directas
1307 5557 1368 5610 istis
1395 5557 1487 5612 lundis
1513 5569 1621 5624 utatur,
1641 5559 1664 5614 si
1683 5561 1767 5612 visum
1788 5559 1829 5610 illi

143 5661 247 5724 potest,
265 5649 328 5719 quia
347 5654 377 5698 ut
393 5643 459 5714 legis
477 5641 635 5694 anctoritnte
647 5643 666 5694 l.
682 5655 704 5693 t.
715 5660 738 5696 c.
750 5642 776 5696 d.
790 5642 833 5694 bis
844 5641 893 5714 qui
902 5661 963 5697 cen.
1016 5642 1117 5705 fuerit,
1136 5641 1199 5693 dum
1219 5657 1267 5708 per
1285 5637 1354 5693 bella
1373 5651 1400 5695 et
1424 5644 1513 5696 turbas
1532 5644 1571 5698 illi
1593 5644 1702 5700 licuerit
1725 5643 1837 5707 redire,

145 5743 228 5795 ιιιιι.
247 5733 285 5790 ita
304 5747 352 5786 uec
371 5725 506 5803 principis
525 5725 641 5796 aliquem
656 5724 743 5799 decipi
762 5737 913 5802 oportet,et
925 5728 964 5781 di·
1019 5735 1045 5779 et
1066 5743 1143 5797 agros
1169 5721 1273 5793 coleret
1299 5721 1331 5778 ad
1356 5743 1422 5796 quus
1447 5727 1471 5781 si
1490 5727 1525 5782 iis
1543 5729 1704 5783 cessantibus
1722 5748 1774 5783 raon
1794 5745 1834 5783 re·
1873 5751 1905 5792 st
