4402 6284
202 307 236 358 ν,
705 285 753 340 nu
772 255 1019 344 nsssnronuu'
1039 281 1212 342 incoatis
1229 301 1290 341 aar.
1757 283 1791 355 ,a

146 388 218 444 citur
228 403 354 444 ιοιιιιιιιιι
371 385 391 440 d.
412 382 501 455 tt.ff.
516 384 549 438 de
560 393 626 440 stat.
636 385 710 438 dom.
723 383 742 436 i.
757 395 780 436 2.
792 403 834 453 pr.
847 403 869 438 c.
880 387 915 440 de
924 384 969 453 in·

143 473 193 543 ιη’.
212 483 307 544 propt.
323 472 425 526 celem.
446 468 510 524 vti.
529 468 618 524 bimo.
638 469 732 538 adjus
749 470 824 539 padi.
836 470 854 520 t.
871 479 894 520 ι.
907 485 930 520 e.
945 481 968 520 s.

145 575 174 610 ιι.
195 570 239 611 st.
256 558 301 628 qni
322 558 351 609 in
369 554 536 628 praecedent.
548 563 574 606 et
590 562 708 623 sequent.
727 553 844 605 rationes
856 551 889 602 ab
904 564 972 605 utrs·

142 662 196 716 que
215 653 292 715 parte
309 640 430 694 adducit.
451 641 573 692 dttsmen
598 650 623 691 et
649 639 677 688 iu
703 639 769 691 orlac
788 639 837 690 hoc
862 655 971 690 romano

143 746 182 784 so.
201 729 300 780 dantur
318 725 417 788 maria,
429 741 496 794 qnae
514 739 596 792 aeque
610 721 754 773 socondom
775 723 902 774 seriorem
916 723 973 792 opi-

144 813 257 866 nionem
276 807 398 864 dosuinio
415 807 529 874 aiicujus
547 807 711 866 subsunt,et
725 806 832 858 subesse
851 815 971 874 possunt,

145 915 177 952 ae
198 909 284 960 terras
304 893 376 946 tsine
402 889 561 946 Gotboired.
588 891 627 942 nd
643 891 668 942 d.
688 891 706 943 i.
728 903 750 942 t.
776 888 798 961 ,ΕΓ
822 903 861 942 ιι.
877 887 920 957 ff.
939 887 971 942 de

144 999 221 1052 oper.
234 999 297 1034 uos.
314 977 439 1032 nunciet.
457 976 476 1028 l.
496 977 524 1028 d.
543 985 618 1028 notat
665 978 781 1028 Veuetos
807 977 939 1026 imuuaucs
959 995 973 1026 a

144 1067 336 1141 jurisdictione
346 1063 517 1135 imperatoris
534 1080 586 1114 ason
600 1077 672 1122 esse.
686 1079 745 1113 curo
759 1063 904 1130 imperator
920 1071 971 1112 ter·

145 1173 193 1212 rae
206 1155 340 1223 marisque
353 1151 389 1206 sit
403 1151 536 1203 alaminus.
557 1149 590 1200 Et
611 1146 730 1217 momnis
750 1149 783 1208 is,
803 1147 848 1216 qui
863 1147 890 1198 in
905 1146 971 1198 mari

144 1243 281 1307 aediheat,
300 1255 377 1294 sunm
395 1232 517 1298 efficiat,
536 1243 563 1286 et
581 1233 666 1285 insola
687 1231 714 1282 in
736 1230 801 1281 rnari
822 1228 976 1300 nocumentis

143 1333 199 1386 ait:
220 1345 272 1382 nort
289 1336 377 1378 tamen
403 1315 587 1374 aedificatione
604 1328 629 1370 et
647 1316 820 1386 occupatione
839 1333 867 1367 es
887 1316 974 1368 statim

142 1414 259 1485 imperii
279 1413 320 1480 jus
330 1409 488 1478 assequitur,
501 1405 571 1456 nihil
583 1403 656 1456 enim
675 1417 813 1454 comusuoe
826 1399 903 1451 habet
916 1415 975 1450 cun·

144 1523 175 1560 ss
188 1501 304 1557 dorninii
323 1492 545 1566 et.proprietatis
562 1507 622 1543 ozam
642 1485 757 1556 imperio
771 1495 797 1538 et
809 1483 972 1552 jurisdictio·

145 1608 191 1645 ase.
210 1585 319 1642 oldrad.
337 1597 413 1635 eous.
430 1589 490 1632 ιιι.
502 1577 557 1630 dee.
571 1590 647 1628 enne.
669 1583 727 1624 ιιι.
747 1589 776 1624 n.
796 1588 819 1627 s.
833 1569 904 1623 Gaii.
918 1570 935 1621 i.
950 1578 973 1620 ι.

143 1693 173 1729 o·
187 1681 232 1728 st.
244 1690 273 1724 ιι.
286 1679 310 1720 2.
321 1667 378 1719 Alia
390 1672 542 1733 argumenta
554 1663 717 1713 Venetorum
731 1675 779 1727 pro
792 1673 836 1708 sua
850 1655 972 1707 libertate

143 1759 202 1813 eid.
218 1775 262 1826 ep.
281 1753 369 1807 tion.
383 1748 422 1804 od
435 1745 556 1818 itasprabl.
575 1744 593 1795 i.
610 1754 631 1798 t.
644 1762 667 1796 c.
681 1755 706 1796 ι.
724 1759 752 1794 ιι.
775 1751 817 1796 ιι.
835 1757 909 1810 seqq.
926 1738 972 1809 qui

145 1863 197 1918 pro
215 1857 289 1895 ruore
307 1837 412 1911 prolixe
430 1833 475 1886 illa
494 1829 637 1882 esamiost.

181 1929 237 1982 Sed
257 1931 280 1977 si
297 1923 362 1992 quid
382 1919 449 1973 intra
468 1916 633 1969 territorium
650 1909 739 1980 populi
752 1918 792 1961 est
805 1905 907 1960 deserti
922 1915 969 1958 ant

147 2010 255 2066 sterilis
275 2007 340 2068 soli,
360 2004 390 2056 id
409 2015 511 2071 sanoque
529 1993 638 2050 aduersis
658 1990 855 2063 postulionibus
874 2005 966 2041 coure-

145 2097 266 2150 denalusn
286 2089 432 2145 autetiam
452 2085 485 2138 ab
504 2083 558 2135 illis
575 2079 699 2148 nrctapari
721 2088 825 2148 potest}
843 2074 906 2141 quia
926 2089 967 2124 ω.

146 2190 276 2252 eopatnao
293 2173 396 2230 cessseri
417 2187 470 2223 non
489 2168 581 2228 debet,
600 2183 653 2234 quo
672 2179 724 2214 stou
745 2161 892 2221 escniitur,
913 2157 965 2210 uisi

145 2267 293 2340 imperinm
312 2260 383 2332 qnod
401 2257 515 2318 attinet,
539 2249 609 2322 qaaod
639 2248 735 2319 populo
756 2243 839 2298 reteri
866 2243 968 2294 salsum

147 2360 258 2413 manet,
272 2343 416 2400 secondum
431 2340 510 2392 Grot.
524 2337 556 2390 de
569 2335 589 2404 1⁸.
603 2335 627 2386 b.
646 2344 672 2386 et
683 2351 710 2401 p.
722 2330 740 2380 l.
762 2340 786 2381 ι.
804 2343 828 2380 c.
848 2336 873 2376 ι.
889 2323 914 2396 ξ.
928 2335 968 2376 ιι.

146 2435 307 2492 Clamabunt
323 2431 390 2483 olins
412 2423 549 2476 dnsihurii
568 2417 639 2490 apud
664 2415 749 2470 Tacit.
769 2413 786 2465 l.
808 2425 849 2466 ts.
872 2411 968 2464 unani.

147 2541 171 2577 c.
191 2536 234 2575 tt.
255 2537 285 2572 ιι.
304 2525 329 2568 t.
346 2514 417 2567 siout
432 2509 535 2563 coelum
550 2505 627 2569 Diis,
641 2503 676 2554 its
691 2513 774 2555 terras
787 2497 883 2566 generi
894 2513 967 2546 mor·

148 2609 242 2662 talium
261 2603 352 2665 dotus,
371 2609 488 2666 quaeres
505 2607 614 2653 uacasse,
634 2603 678 2640 ess
698 2583 818 2656 publicas
835 2597 902 2634 esse.
915 2578 968 2632 Sed

148 2691 241 2746 Grotii
263 2684 394 2742 sationem
413 2677 564 2732 claudicare
581 2672 647 2726 belli
660 2666 809 2741 gersaauuici
830 2663 967 2736 praeteriti

149 2774 240 2830 doosit
257 2767 392 2825 calamitas
410 2773 439 2816 et
461 2757 617 2830 quotidiana
642 2751 818 2826 experientia.
844 2749 917 2818 Quin
943 2747 967 2800 si

148 2857 294 2930 imperium
314 2849 411 2922 populo
429 2845 509 2900 reteri
529 2843 630 2896 salsum
645 2848 750 2901 manet,
764 2837 876 2889 interest
888 2841 969 2895 certe,

150 2961 186 2998 ue
204 2941 257 3012 ipsi
276 2937 359 2990 insito
374 2931 443 2985 ciris
460 2938 624 2996 agnoscatur.
645 2924 714 2976 Dum
733 2939 797 2990 ergo
810 2922 868 2988 ejus
881 2919 968 2986 requi·

151 3032 225 3084 ritor
243 3035 400 3081 consensus.
420 3033 474 3070 nou
495 3027 546 3068 tam
566 3009 717 3082 occupatio,
737 3024 814 3077 quiana
828 3003 971 3073 assignatio

149 3117 238 3168 boram
258 3104 364 3162 babebit
381 3103 428 3155 dn.
448 3099 560 3166 ztegter.
576 3095 614 3149 od
632 3095 711 3146 Grot.
724 3091 749 3146 d.
768 3093 786 3143 l.
804 3105 824 3142 ιι
841 3089 881 3142 rb.
906 3085 970 3158 quio

148 3206 313 3266 occupatum
331 3189 445 3244 censeri.
464 3185 499 3236 Et
518 3179 670 3234 hnmanitas
684 3176 791 3247 quidem
804 3183 862 3238 est,
875 3186 970 3243 pariens

146 3285 278 3358 qasosdaan
295 3277 404 3333 sedilios
422 3273 494 3332 suis,
513 3285 565 3321 nott
581 3263 688 3318 sceteris
700 3277 776 3314 causa
791 3260 915 3330 expulsos
929 3273 969 3308 re·

146 3373 253 3441 cipere,
272 3361 431 3437 praesertim
451 3357 474 3409 si
501 3352 636 3408 industrie
661 3357 688 3402 et
713 3347 813 3416 opilius
837 3342 970 3413 polleant,

149 3471 200 3506 neo
213 3467 286 3504 sacra
300 3455 407 3505 nostro,
421 3451 462 3494 aut
476 3437 596 3491 instituta
610 3435 665 3484 sint
680 3429 826 3484 turbaturi:
840 3425 887 3479 sed
900 3421 969 3493 quand

148 3555 242 3607 magna
260 3534 348 3602 aliqua
368 3522 508 3581 multitudo
527 3521 640 3574 celotes
654 3515 745 3568 debito
759 3509 913 3582 recipienda
925 3507 972 3570 sit,

148 3637 229 3674 uerno
246 3629 346 3672 temere
362 3607 521 3671 asseruerit,
539 3620 599 3658 cusu
620 3603 664 3652 aix
684 3596 744 3652 fieri
764 3596 866 3668 possit,
880 3605 909 3646 ut
924 3609 968 3644 re·

149 3705 254 3760 teribus
267 3700 364 3754 incolis
375 3698 409 3751 ab
421 3693 481 3748 istis
495 3687 642 3761 periculum
656 3701 709 3736 non
726 3679 972 3748 imariiraeat.Quau·

150 3804 204 3846 tuns
223 3787 305 3856 igitur
324 3785 369 3836 hic
390 3775 583 3847 indulgendum
604 3771 637 3824 sit
650 3807 657 3834 ,
672 3767 808 3837 qaaaelibet
825 3763 921 3818 ciuitas
939 3775 971 3812 es

151 3892 199 3929 usn
218 3891 267 3926 sno
283 3866 445 3928 coustituetr
467 3877 530 3914 sanc
556 3858 601 3910 nbi
628 3853 670 3906 tttt
696 3848 870 3904 miseratione
895 3845 971 3914 digni

152 3969 228 4022 suut,
245 3965 275 4008 et
291 3950 410 4006 ciuitatis
428 3948 544 3999 rationes
563 3957 616 3994 non
634 3943 806 4007 repugnant,
826 3932 971 3984 humanum

152 4055 210 4108 est,
230 4042 260 4094 in
279 4039 344 4092 tales
362 4029 525 4087 betaehcinm
545 4045 598 4081 ιιοιι
622 4022 707 4078 nimis
733 4033 894 4080 onerosum,
926 4031 974 4067 neo

152 4127 233 4182 nohis
250 4120 444 4197 poenitendum
461 4113 597 4170 conferre:
616 4111 682 4164 alias
700 4105 799 4160 merito
818 4103 851 4158 ita
870 4111 972 4171 tempe-

152 4226 227 4268 ratur
245 4204 444 4267 misericordia,
463 4219 499 4254 ne
517 4215 579 4253 suns
599 4213 646 4249 nos
669 4193 730 4246 attia
756 4189 895 4244 eradamus
924 4186 975 4239 nti·

151 4297 279 4359 seriores3
296 4289 416 4361 exempla
435 4287 489 4340 uid.
508 4303 551 4355 ap·
569 4281 596 4334 d.
616 4279 730 4334 Puieud:
750 4277 783 4329 de
797 4276 819 4344 Ῐ.
845 4291 871 4326 ιι.
897 4283 924 4326 et
946 4289 973 4342 g.

154 4381 174 4436 t
194 4394 219 4435 ι.
238 4399 263 4432 c.
283 4391 307 4432 ι.
326 4383 350 4439 ς.
370 4388 410 4428 so.
428 4371 557 4425 Ordinato
575 4365 648 4420 enim
667 4361 783 4417 charitas
801 4357 898 4428 incipit
915 4375 928 4408 a
947 4372 976 4409 se

154 4467 231 4536 ipsa,
249 4462 268 4516 l.
288 4474 313 4515 s.
326 4477 350 4513 c.
364 4456 397 4511 de
409 4455 498 4511 semis.
512 4463 538 4508 et
547 4471 609 4522 equ.
626 4448 660 4504 de
669 4467 720 4520 qun
734 4447 823 4515 regula
834 4441 886 4499 att.
898 4441 975 4497 hice.

151 4549 256 4603 collect.
276 4543 356 4600 decis.
376 4552 437 4592 tte.
454 4549 481 4591 et
499 4538 525 4591 d.
544 4537 647 4590 Brenn·
668 4533 707 4588 od
722 4533 748 4586 d.
767 4531 785 4582 i·
805 4541 830 4584 e.

189 4633 275 4686 bens
296 4647 356 4685 sero
373 4625 491 4680 desertus
510 4623 610 4677 nuliius
627 4629 684 4680 est,
702 4615 808 4669 scilicet
824 4613 848 4666 si
863 4610 924 4666 talis
937 4609 974 4664 sit

156 4718 282 4772 desertus
301 4716 390 4777 locus,
408 4711 455 4781 qui
475 4727 529 4762 nnn
549 4708 579 4759 in
598 4703 734 4775 provincia
760 4699 872 4771 quadam
895 4714 973 4751 oson-

155 4817 219 4877 pata
238 4801 304 4856 situs
322 4809 377 4863 est,
396 4813 458 4850 uam
477 4794 543 4846 alias
562 4790 612 4843 sub
630 4785 745 4858 irnperio
762 4787 837 4851 eius,
849 4780 881 4834 ad
893 4797 974 4852 quem

154 4901 208 4945 sota
226 4884 363 4962 prouincia
382 4889 499 4951 spectat,
521 4893 579 4930 esse
594 4883 734 4938 censetur,
758 4868 793 4923 ab
815 4883 899 4939 eoque
922 4867 974 4931 iam

155 4979 306 5028 concerto
325 4965 404 5021 ruodo
420 4971 560 5032 occupatus
579 4968 628 5012 est.
648 4959 678 5010 lu
698 4957 757 5008 loen
769 4961 857 5007 antem
871 4951 974 5023 penitus

156 5057 265 5113 deserto
282 5054 428 5108 secondum
446 5047 582 5103 Grotium.
599 5043 618 5096 l.
640 5052 664 5094 2.
680 5042 714 5096 de
729 5040 752 5110 1⁹.
770 5041 794 5095 b.
812 5049 884 5108 etp.
901 5055 924 5090 e.
951 5049 975 5092 ι.

154 5145 178 5211 ς.
199 5153 226 5194 ι.
244 5139 297 5191 dass
315 5145 378 5190 snut
393 5129 573 5202 occupabiiia,
592 5127 752 5198 imperium,
772 5133 800 5179 et
813 5123 975 5189 dominium,

154 5233 290 5298 qnatenus
308 5218 341 5274 ab
359 5217 475 5288 imperio
493 5214 680 5282 distiupuitnrs
705 5210 751 5265 ubi
778 5219 868 5262 tamen
889 5208 975 5279 impe·

155 5311 228 5362 rium
247 5305 318 5359 haud
334 5303 475 5375 quicquam
493 5299 554 5369 capi
572 5297 651 5351 debet
669 5313 719 5366 pro
736 5293 855 5366 imperio
868 5293 976 5366 proprie

156 5395 247 5457 dicto,
266 5401 291 5445 et
307 5388 377 5460 qnod
395 5395 532 5440 exercetur
550 5383 579 5436 in
597 5381 744 5446 homines,
756 5377 802 5434 sed
815 5378 848 5434 de'
860 5379 975 5452 imperio

157 5479 187 5531 iu
202 5488 302 5542 terras,
321 5474 395 5541 ouius
413 5468 458 5523 hic
475 5477 517 5521 est
533 5465 659 5532 effeetus,
676 5475 707 5518 ut
724 5481 803 5519 nemo
822 5464 900 5518 nobis
932 5466 977 5518 in·

158 5563 223 5617 ritis
242 5563 272 5616 in
291 5560 347 5612 iliis
365 5557 457 5609 debeat
478 5549 656 5614 commorari,
681 5551 710 5604 ni
736 5550 815 5604 uobis
840 5551 975 5617 subjectns

156 5665 215 5702 esse
231 5647 305 5701 velit·
328 5643 402 5698 dlias
420 5639 494 5693 euim
513 5639 593 5690 homo
611 5651 665 5687 non
683 5643 726 5687 est
743 5649 777 5686 ea
795 5651 906 5690 numero
932 5651 975 5685 re·

160 5747 323 5811 runs,a1uae
342 5725 445 5785 unibus
462 5731 541 5794 aaut,
558 5721 669 5793 sedvqui
693 5739 748 5776 non
779 5732 821 5777 est
849 5720 980 5787 alterius,

1022 399 1083 436 stans
1101 393 1158 436 ests
1178 381 1242 434 hino
1260 383 1417 455 Xenophon.
1436 384 1589 457 Cyrepned.
1607 383 1624 437 l.
1652 394 1674 438 t.
1702 381 1778 439 Nihil
1803 385 1840 439 ite

1023 475 1142 519 nostrum
1163 477 1217 530 est,
1236 467 1304 521 sicut
1322 486 1370 521 nos
1390 479 1565 528 nostrorumst
1582 470 1718 540 ipsorumg
1744 487 1840 540 qaaem·

1023 549 1166 602 admodum
1186 549 1310 602 Gentium
1331 553 1446 622 explicat
1466 551 1575 606 Patienti.
1595 556 1629 607 de
1642 555 1665 624 J'.
1683 573 1712 607 ιι.
1730 564 1758 608 et
1772 573 1799 626 3.
1824 555 1843 607 l.

1031 646 1056 684 ι.
1069 651 1092 686 o.
1110 645 1132 683 t.
1147 629 1171 702 ᾗ.
1185 644 1209 685 t.
1227 635 1277 686 [ln.
1297 635 1497 705 Ziegicrsutrm
1513 638 1551 689 ud
1561 636 1588 688 d.
1605 638 1626 691 i.
1650 637 1750 692 Grotii.
1769 639 1845 690 oerd.

1021 717 1076 769 dno
1095 729 1157 772 suut
1176 717 1345 784 noctapobiiia
1365 721 1443 786 dicit,
1463 737 1515 772 non
1535 721 1600 774 eatis
1619 737 1765 792 apparere,
1778 738 1844 790 qun·

1027 801 1104 853 modo
1123 801 1266 870 imperinm
1287 800 1366 854 bodie
1382 801 1506 874 occupari
1524 813 1618 873 quent,
1637 804 1690 857 nisi
1716 801 1785 856 forte
1811 802 1842 858 de

1023 903 1054 940 ro
1072 903 1133 938 nasu
1153 885 1274 954 lo'paaator
1291 885 1414 951 Grotius,
1433 889 1540 958 qasaodo
1557 891 1620 959 quis
1639 907 1732 942 trovam
1747 889 1844 942 ducens

1023 972 1166 1034 coloniam,
1184 971 1287 1023 ciuibus
1306 972 1361 1024 saris
1379 973 1447 1025 hand
1468 975 1717 1045 invitisimperare
1741 977 1844 1046 incipit.

1062 1055 1202 1125 Principes
1222 1073 1284 1108 aero
1300 1075 1405 1108 curnem
1422 1075 1527 1110 mouere
1539 1057 1638 1112 debent
1652 1059 1778 1128 lapidem,
1792 1075 1843 1129 quo
1863 1065 1866 1068 ’
1886 1078 1913 1118 tt

1025 1139 1170 1192 desertioni
1190 1155 1312 1206 sgrornm
1332 1139 1438 1190 obuiam
1457 1151 1548 1206 eatur,
1568 1141 1631 1194 binc
1649 1157 1697 1211 per
1707 1140 1807 1212 oppida
1820 1155 1848 1195 et

1027 1221 1113 1286 nrbes,
1135 1223 1319 1290 magistratum
1339 1239 1427 1276 creare
1446 1220 1594 1294 proficuum
1609 1234 1689 1291 essct,
1707 1226 1750 1276 cui
1769 1242 1848 1280 curae

1024 1307 1067 1367 sit,
1086 1306 1194 1375 praedia
1213 1322 1359 1375 orestesque
1376 1324 1453 1376 agros
1471 1305 1610 1360 lustrandi:
1632 1308 1666 1362 sit
1685 1308 1719 1360 de
1739 1309 1845 1377 publico

1025 1392 1173 1462 praemium
1194 1389 1342 1444 industriae
1359 1391 1425 1458 eins,
1443 1391 1489 1461 qui
1501 1409 1562 1462 prae
1575 1389 1687 1442 caeteris
1698 1391 1845 1460 oppidanis

1025 1477 1202 1547 possessiones
1220 1477 1361 1546 diligenter
1379 1477 1506 1543 colatorii,
1526 1478 1601 1541 onitas
1620 1475 1765 1530 nitidiores
1784 1474 1842 1530 iue-

1026 1570 1089 1613 runt
1106 1561 1174 1628 egri,
1194 1562 1288 1629 majori
1308 1558 1442 1614 iroctuum
1456 1561 1586 1626 obertate
1601 1559 1750 1630 ignominia
1765 1577 1845 1631 pecu.

1024 1645 1100 1698 niave
1120 1647 1262 1698 mulctetur
1282 1645 1386 1712 ignaria
1405 1648 1471 1712 eius,
1490 1645 1536 1716 qni
1556 1663 1614 1698 eam
1633 1662 1723 1700 euram
1750 1648 1844 1716 negle-

1026 1730 1113 1794 serit,
1134 1730 1293 1798 praesertim
1312 1731 1335 1783 si
1355 1731 1446 1801 iuopia
1469 1733 1509 1784 rei
1528 1730 1674 1784 familiaris
1697 1747 1844 1801 oppressus

1023 1831 1074 1864 non
1096 1825 1164 1866 erat:
1184 1822 1210 1864 et
1230 1813 1406 1868 nihilomiuus
1426 1815 1532 1886 puidioe
1558 1815 1601 1866 illi
1624 1815 1681 1884 agri
1705 1816 1842 1868 ostensura

1023 1897 1093 1964 quod
1113 1897 1280 1968 insumptum
1302 1899 1395 1968 tuerit,
1416 1900 1642 1972 primoomnium
1663 1900 1696 1952 de
1715 1899 1846 1953 fructibus

1022 1981 1189 2044 detrahatur.
1209 1984 1305 2038 deiude
1319 1987 1479 2056 reliquorum
1494 1985 1623 2040 fructuum
1639 2001 1700 2054 pars
1712 1985 1788 2038 tertis
1800 1995 1847 2036 aut

1023 2067 1134 2120 omnino
1152 2077 1245 2135 quarta
1265 2065 1332 2121 sssco
1350 2069 1456 2122 addicta
1476 2070 1529 2134 sit,
1548 2078 1595 2120 aut
1613 2067 1719 2138 publice
1742 2069 1847 2139 oppido

1021 2153 1150 2207 ciuitatiae
1168 2155 1258 2216 cerlat,
1276 2172 1344 2224 quac
1362 2161 1388 2207 in
1411 2155 1532 2226 publicos
1546 2171 1606 2208 usus
1624 2155 1784 2218 isssssmstur,
1798 2158 1845 2208 lo·

1022 2238 1082 2292 han.
1101 2239 1216 2290 liariau.
1238 2239 1338 2292 Jesnit.
1356 2239 1472 2310 Hispan.
1491 2239 1524 2292 de
1543 2255 1597 2310 reg.
1617 2247 1643 2293 et
1660 2255 1712 2308 reg.
1726 2237 1843 2292 institut.

1020 2321 1039 2372 l.
1060 2335 1084 2375 t.
1102 2340 1125 2374 c.
1147 2334 1169 2374 ι.
1185 2319 1209 2386 [ἶ
1228 2340 1264 2376 m.
1284 2334 1344 2375 seo.
1360 2323 1431 2374 lliuc
1447 2322 1545 2374 merito
1557 2322 1688 2376 laudanda
1703 2322 1843 2374 ordinatio

1018 2405 1132 2460 docatus
1149 2404 1354 2474 andrteubergici
1378 2402 1524 2457 secundom
1547 2421 1626 2474 quam
1640 2403 1774 2471 singulare
1785 2399 1847 2456 oti-

1020 2491 1092 2542 cium
1110 2489 1160 2543 der
1177 2489 1360 2544 Feldrtdtater
1379 2489 1560 2542 introductum
1579 2499 1637 2551 est,
1655 2505 1767 2556 quorum
1793 2499 1846 2540 tres

1020 2583 1064 2626 aut
1077 2583 1190 2642 quatuor
1208 2573 1238 2625 iu
1256 2589 1409 2642 unaquaque
1427 2574 1535 2626 citima
1552 2571 1732 2625 corastituendi
1741 2607 1749 2636 ,
1763 2583 1787 2625 et
1801 2575 1843 2638 ju·

1021 2657 1132 2710 rumenti
1150 2673 1219 2710 nexo
1237 2655 1439 2724 obstriaageudi,
1466 2665 1497 2709 ut
1519 2655 1658 2710 attendant
1683 2655 1842 2725 diiigenter,

1021 2759 1054 2792 au
1068 2757 1161 2793 omues
1174 2754 1297 2810 agrorum
1310 2776 1317 2802 ,
1332 2739 1488 2804 hortorum,
1503 2740 1647 2805 siuearon,
1659 2751 1711 2795 etc.
1725 2741 1845 2794 debitam

1021 2841 1110 2877 cnraua
1130 2825 1247 2887 habeant,
1267 2825 1312 2878 nbi
1333 2825 1498 2896 negligentes
1517 2825 1646 2896 puniendi
1665 2837 1728 2880 sunt
1745 2826 1798 2884 eid.
1818 2827 1847 2880 d.

1023 2909 1143 2962 ordinas.
1162 2907 1202 2962 rte.
1226 2916 1305 2972 aas
1329 2919 1351 2961 a.
1371 2919 1399 2963 es
1419 2921 1441 2962 ι.
1523 2937 1528 2948 ·

1058 2994 1161 3046 Pariter
1178 3003 1202 3048 ct
1219 2995 1276 3061 iure
1295 3009 1404 3046 romauo
1426 2993 1616 3049 decurionibus
1628 2995 1765 3052 civitatum
1778 2996 1844 3050 baec

1023 3088 1115 3147 sparta
1133 3077 1290 3132 deruandata
1309 3088 1373 3142 erat,
1392 3077 1455 3130 bino
1475 3078 1577 3130 ibidem
1597 3087 1721 3134 statuturo
1741 3080 1806 3144 init,
1820 3091 1848 3132 ut

1021 3163 1177 3217 decuriones
1195 3162 1329 3218 civitatum
1350 3181 1399 3232 pro
1413 3161 1529 3214 desertis
1547 3161 1666 3232 praediis
1680 3165 1708 3218 iu
1723 3165 1792 3236 ipsis
1805 3166 1846 3216 c'a·

1021 3248 1157 3314 vitatibus,
1175 3258 1203 3302 et
1219 3263 1286 3317 quse
1304 3247 1442 3312 dominos,
1456 3248 1511 3300 sire
1522 3247 1695 3302 conductores
1707 3266 1762 3302 nnn
1773 3249 1848 3301 iure·

1022 3333 1146 3397 niebant,
1164 3340 1318 3386 tenerentur
1337 3329 1369 3381 ad
1388 3347 1507 3393 censum,
1528 3341 1605 3398 prout
1623 3339 1698 3384 notet
1718 3331 1798 3384 Lucas
1811 3327 1845 3382 de

1025 3417 1114 3470 Penus
1134 3419 1172 3471 nd
1189 3418 1207 3468 l.
1231 3426 1253 3466 t.
1272 3431 1300 3466 c.
1314 3415 1350 3468 de
1366 3431 1442 3468 omn.
1456 3427 1516 3484 ugr.
1528 3413 1626 3468 desert.
1639 3413 1657 3466 i.
1672 3424 1712 3465 tt.
1725 3413 1777 3466 dut
1790 3415 1846 3484 ipsa

1021 3499 1127 3570 praedia
1146 3497 1333 3551 addicebantur
1352 3495 1497 3550 curialibus
1517 3497 1554 3550 rel
1570 3494 1765 3559 decurionibus,
1785 3511 1846 3548 casn

1022 3587 1189 3638 iaaaruuuitate
1210 3584 1333 3647 trieuuii,
1351 3601 1405 3652 quo
1425 3592 1515 3634 exacto
1533 3597 1628 3632 census
1646 3591 1669 3633 et
1688 3580 1789 3634 tribula
1809 3589 1847 3632 te·
1961 3581 1971 3644 2,

1020 3682 1149 3722 ase-rantur
1168 3667 1269 3721 inferre
1288 3663 1361 3720 fisco:
1380 3666 1405 3718 si
1423 3677 1510 3718 autern
1531 3664 1643 3716 curiales
1672 3663 1762 3716 idonei
1794 3664 1847 3718 sul·

1020 3754 1106 3809 aendo
1124 3771 1176 3806 nou
1196 3765 1280 3820 erant,
1301 3752 1350 3808 hoc
1367 3768 1435 3805 onus
1455 3751 1484 3802 iu
1504 3765 1671 3820 possessores
1684 3762 1800 3804 caeteros
1818 3765 1846 3802 e·

1022 3839 1127 3909 jusdem
1146 3837 1274 3903 civitatis,
1293 3836 1404 3891 staden
1424 3845 1504 3890 totum
1527 3836 1696 3889 territorium
1716 3832 1846 3888 diffundi-

1025 3937 1066 3979 tur
1085 3926 1103 3976 l.
1125 3937 1147 3978 t.
1166 3943 1189 3978 e.
1207 3924 1233 3976 d.
1250 3933 1271 3974 t.
1289 3922 1381 3992 idipae
1401 3921 1426 3975 b.
1445 3921 1491 3973 du.
1512 3919 1715 3974 Brnunemsun.
1735 3921 1765 3974 Si
1784 3937 1846 3975 sero

1023 4010 1121 4080 aliquis
1139 4007 1280 4082 praedium
1299 4009 1358 4076 jure
1376 4005 1613 4076 emphyteuticario
1631 4002 1801 4078 possedisset,
1817 4007 1846 4058 in

1022 4095 1140 4165 quougri
1156 4091 1279 4146 asonuuili
1288 4090 1406 4154 steriles,
1420 4090 1546 4144 unaannlli
1563 4089 1666 4145 fertiles
1676 4095 1762 4157 crant,
1775 4104 1849 4160 prae-

1024 4181 1119 4251 diaque
1138 4177 1239 4231 fertilis
1257 4187 1283 4231 et
1299 4193 1377 4246 agros
1397 4175 1522 4229 meliores
1535 4175 1714 4240 distraxisset,
1728 4173 1763 4228 ita
1773 4184 1801 4227 ot
1812 4189 1846 4226 ea

1024 4265 1092 4328 illis,
1108 4281 1174 4335 quos
1192 4263 1319 4324 retinnit,
1333 4257 1432 4312 tributu
1444 4260 1545 4330 enitere
1560 4275 1594 4312 ne
1602 4268 1684 4327 locat,
1699 4257 1843 4311 intantum

1024 4361 1053 4402 nt
1071 4349 1132 4402 illos
1150 4347 1271 4398 deserere
1291 4353 1408 4413 cogatur,
1427 4355 1535 4412 emptor
1553 4353 1657 4398 tenetur
1676 4343 1755 4396 etiarn
1770 4358 1845 4413 prae·

1023 4433 1067 4487 dia
1085 4431 1187 4486 sterilia
1199 4429 1330 4500 eccipere,
1342 4436 1370 4480 et
1382 4425 1481 4481 tributa
1495 4435 1549 4479 tarra
1561 4425 1595 4480 de
1608 4425 1752 4492 fertilibus,
1766 4443 1844 4496 qnam

1024 4517 1164 4572 sterilibus
1181 4525 1209 4568 et
1226 4511 1340 4567 desertis
1360 4511 1462 4564 soluere
1480 4510 1498 4562 i.
1521 4518 1543 4561 ι.
1560 4525 1585 4562 e.
1597 4508 1630 4562 de
1642 4525 1718 4562 otuu.
1731 4525 1790 4579 egr.
1802 4512 1848 4564 de·

1022 4611 1087 4656 sert.
1106 4601 1176 4670 Quia
1193 4596 1241 4666 qui
1258 4594 1357 4667 accipit
1370 4605 1471 4665 partem
1485 4593 1613 4646 ιιοιιοιιιιιι
1628 4593 1770 4665 potiorem,
1786 4611 1849 4650 eam

1023 4689 1104 4740 etiam
1124 4684 1223 4738 exiiens
1242 4691 1346 4752 partem
1364 4679 1487 4749 accipere
1505 4679 1604 4747 justum
1630 4689 1687 4742 est,
1708 4695 1743 4732 ne
1761 4683 1850 4736 nereis

1025 4770 1201 4826 destituantur
1219 4767 1319 4836 reliqua
1338 4766 1406 4818 bona
1423 4765 1442 4818 l.
1461 4763 1509 4818 ult.
1527 4781 1549 4816 c·
1564 4763 1596 4816 de
1611 4762 1729 4818 debitor.
1746 4764 1850 4820 cinitot.

1026 4855 1080 4908 Du.
1097 4853 1244 4906 Brunneus.
1262 4851 1301 4906 od
1317 4850 1343 4904 d.
1362 4849 1382 4902 l.
1402 4859 1427 4899 2.
1445 4867 1468 4902 c.
1482 4849 1515 4902 de
1526 4867 1603 4902 omn.
1617 4867 1674 4918 uer.
1686 4849 1782 4905 desert.
1796 4852 1849 4906 ha-

1030 4940 1069 4994 tio
1086 4951 1135 5005 est,
1155 4954 1188 4990 ue
1207 4953 1278 5008 resp.
1296 4951 1346 5006 pro
1363 4951 1418 4988 uno
1432 4933 1551 4988 debitore
1564 4934 1631 4988 dnos
1644 4936 1750 5007 exigere
1764 4945 1852 4991 tenea-

1028 5024 1169 5076 inuidiae
1187 5021 1291 5092 estflbic
1308 5035 1393 5087 casos,
1411 5018 1458 5071 ubi
1476 5021 1537 5090 quis
1561 5038 1607 5075 sua
1632 5021 1702 5076 bona
1732 5021 1849 5079 rendere
1889 5054 1920 5094 ²2

1029 5107 1140 5178 cogitur.
1153 5104 1231 5160 Unde
1242 5103 1353 5176 quidam
1367 5103 1505 5173 colliguuta
1519 5114 1647 5159 statutum
1660 5107 1849 5162 nonnullarum

1026 5193 1246 5264 civitatumque
1264 5201 1380 5256 martur,
1400 5203 1427 5245 nt
1445 5193 1467 5244 si
1486 5192 1549 5262 qnis
1569 5194 1702 5249 modicam
1722 5211 1778 5247 rem
1805 5195 1851 5248 ha-

1028 5279 1097 5346 beat,
1110 5282 1184 5350 justa
1197 5273 1328 5346 ootahuis,
1340 5277 1497 5332 habentium
1509 5295 1631 5347 mugitum
1643 5282 1850 5350 possessionem,

1027 5363 1102 5419 illam
1119 5373 1227 5434 cogatur
1244 5363 1365 5426 rendere,
1378 5364 1448 5432 iusta
1460 5364 1561 5419 ratione
1571 5365 1633 5430 uitia
1647 5365 1782 5432 Christian.
1797 5365 1851 5419 ool.

1030 5465 1056 5505 ι.
1073 5451 1130 5505 dec.
1147 5459 1189 5504 st.
1208 5467 1237 5502 ιι.
1257 5462 1284 5502 ι.
1302 5449 1398 5518 Perse,
1413 5447 1484 5502 nde.
1495 5449 1577 5502 tituta
1589 5466 1664 5502 οιιιι.
1677 5465 1736 5521 ψ.
1751 5449 1849 5505 desert.

1028 5555 1056 5590 ιι.
1076 5547 1099 5589 s·
1121 5533 1174 5589 Sed
1192 5533 1260 5589 ratio
1277 5534 1308 5587 in
1325 5535 1376 5586 bac
1394 5535 1462 5602 legis
1481 5545 1556 5606 parte
1575 5534 1700 5606 specialis
1717 5544 1767 5597 est,
1788 5551 1849 5588 uam
1890 5562 1920 5602 tt

1028 5618 1133 5674 debitor
1150 5621 1279 5688 ansiorem
1298 5629 1403 5688 partem
1423 5621 1551 5676 bonorum
1569 5620 1728 5685 rendendo,
1746 5635 1849 5674 aarum

1030 5705 1151 5780 praebuit
1168 5701 1338 5758 diitidentiae
1361 5705 1622 5764 administratoribus
1648 5707 1772 5766 oieitnis.
1797 5707 1852 5762 aid.
