4396 6286
219 336 267 406 ,73
630 333 678 386 nn
701 332 843 386 444444
869 329 905 384 ur
932 325 1080 382 utrtnus
1106 325 1382 383 votunrtrrsus
1748 325 1796 398 444

164 437 296 492 minorem
316 446 436 506 partem,
455 449 517 498 eruo
535 447 587 486 uon
606 441 647 485 est
665 431 826 494 absurdum,
843 429 912 498 quod
943 445 984 480 re·
1034 441 1094 477 nam
1114 423 1162 478 boc
1181 443 1256 490 cusu,
1276 427 1298 479 si
1316 423 1850 497 pateretblinssimulrnoriantnr,uou

156 523 291 593 perimatur
308 522 408 574 bebere
427 521 553 584 maiorem
573 529 685 586 purtem.
704 517 770 568 Num
785 517 911 584 potirisset
925 531 983 568 cre·
1033 511 1224 578 praesumitur,
1244 511 1313 580 quod
1334 509 1408 566 filins
1427 515 1509 583 pubes
1522 509 1701 580 supervixerit
1712 509 1792 577 patri,
1803 523 1852 576 per

157 607 229 668 nire,
249 615 278 657 ut
296 605 341 658 ubi
363 607 451 675 primo
470 612 546 656 erant
566 599 705 661 tresidii,
724 600 771 652 alii
791 602 982 670 plnressuper·
1033 593 1208 661 bresnoto.
1233 606 1272 646 44.
1291 593 1314 665 5.
1332 596 1444 664 pemff.
1464 599 1502 658 ed
1517 607 1564 652 scr.
1589 593 1701 647 Tretett.
1727 592 1850 646 Menoeis.

157 692 308 753 uenissent,
328 700 356 742 et
372 689 501 742 similiter
520 687 586 738 istse
605 695 713 756 neptes,
732 701 798 752 quoe
817 699 886 736 nuuc
906 699 980 752 repe·
1032 677 1094 730 dict.
1111 688 1275 746 pruerumpt.
1292 692 1375 732 tro-n.
1392 691 1432 732 44.
1447 679 1577 734 4444444444.
1590 680 1623 732 de
1633 676 1745 744 protos.
1763 675 1849 728 conci.

157 775 286 836 ciuntur,
307 773 457 844 potuissent
475 788 532 824 esse
551 773 639 840 plures
658 785 690 821 ex
710 767 927 846 praesumptione
941 769 981 832 jn·
1035 772 1092 814 444.
1111 775 1139 813 44.
1162 775 1200 812 44.
1220 761 1311 814 l'ueer.
1329 763 1353 814 d.
1373 774 1478 833 quaest.
1499 773 1559 814 444.
1577 779 1604 814 44.
1632 772 1657 813 4.
1681 770 1708 813 et
1730 775 1802 828 seqq.
1824 767 1853 810 et

159 859 211 922 ris,
228 876 283 926 quo
302 876 361 910 casu
380 859 469 909 missus
494 855 671 927 accepissent,
695 871 773 921 quum
798 853 884 906 dictae
909 848 981 902 illiue
1031 863 1074 914 pn·
1098 853 1157 898 444.
1176 864 1204 897 44.
1225 847 1331 899 t.coni.
1346 847 1665 901 ricoldinchuson.
1681 851 1849 912 rnetsepp.

158 944 281 1012 propriae
301 941 450 1005 testatoris,
470 939 558 1008 tuque
586 949 700 1006 propter
722 937 832 988 dubium
859 947 980 988 eventum
1067 929 1237 983 Testamento
1261 932 1328 983 solet
1351 931 1432 1000 adjici
1460 930 1574 984 clausule
1599 927 1774 988 codicillaris,
1801 941 1849 996 per

156 1027 266 1080 tolerari
286 1025 364 1078 debet
383 1025 452 1089 boc,
470 1023 505 1075 ob
522 1039 600 1092 quem
619 1022 699 1074 rnnltu
722 1031 872 1074 statuuntur
890 1039 904 1070 a
924 1021 981 1087 lege
1029 1030 1107 1080 quam
1126 1014 1216 1066 haeres
1235 1025 1334 1079 rogatus
1353 1024 1488 1078 censetur,
1508 1013 1698 1067 haereditatem
1725 1011 1849 1066 restitue·

153 1123 180 1164 et
201 1113 363 1173 tolerentur,
382 1118 409 1160 et
427 1107 620 1170 admittuntur,
638 1123 705 1175 quae
723 1105 788 1158 alius
807 1123 861 1156 non
887 1106 981 1157 tolera·
1029 1113 1058 1147 ¹¹0
1078 1096 1199 1160 4444444444
1220 1097 1247 1147 444
1267 1096 1317 1149 4344
1336 1097 1432 1150 tillim
1450 1099 1586 1152 i⁰l⁰ni²l⁶
1604 1095 1748 1150 440444ῗῦ440·
1768 1092 1850 1146 Ufld‘

155 1196 245 1236 rentrrr
265 1183 282 1232 1.
310 1196 331 1234 4.
351 1199 374 1240 c,
395 1181 429 1234 de
446 1179 547 1248 pectis.
561 1179 581 1230 1.
598 1180 632 1231 de
647 1175 876 1248 fideicommissa.
899 1189 938 1228 tt.
956 1193 979 1232 c.
1029 1181 1182 1248 qrrneritur,
1200 1199 1232 1234 un
1251 1182 1427 1250 posthumus,
1446 1180 1479 1236 de
1497 1200 1549 1251 quo
1568 1198 1620 1234 non
1635 1178 1851 1250 cogitarittesta·

155 1268 336 1320 4444444444.
356 1265 373 1315 l.
392 1265 417 1316 si
431 1261 626 1332 poterpnelloe
642 1257 979 1328 tt.c.deinqffitertum.
1032 1274 1086 1328 tur,
1105 1277 1130 1319 et
1148 1283 1180 1316 au
1206 1282 1321 1335 unquam
1345 1265 1452 1318 iuturus
1476 1277 1558 1330 esset,
1583 1263 1750 1334 desperavit,
1774 1259 1844 1315 inste
1884 1283 1894 1320 t

155 1362 183 1404 er
203 1352 222 1403 4.
243 1351 268 1404 44
284 1370 319 1404 en
338 1352 404 1418 lege.
426 1361 467 1402 44.
484 1365 506 1401 4.
526 1347 559 1400 de
571 1362 642 1401 usur.
658 1343 784 1398 Alexand.
796 1345 920 1412 Turtagn.
934 1343 980 1394 tn.
1029 1347 1097 1414 qnod
1118 1364 1225 1401 uxorem
1247 1350 1357 1402 baberet
1375 1367 1465 1403 senem
1491 1350 1533 1404 vel
1558 1348 1691 1412 sterilem,
1719 1347 1744 1401 ri
1768 1345 1848 1415 hujus

157 1447 185 1492 4.
203 1453 285 1488 coris.
306 1447 348 1487 44.
367 1453 395 1486 44.
418 1445 457 1485 44.
1031 1433 1167 1496 clausulae,
1186 1428 1395 1486 fideiconrrnisso
1409 1444 1530 1503 grerstus
1543 1428 1700 1488 censeatur?
1713 1433 1791 1488 ilutio
1802 1431 1850 1484 du·

93 1556 119 1596 3,
196 1520 289 1572 Altera
307 1528 365 1585 est,
384 1516 408 1570 si
426 1526 502 1586 pater
521 1515 585 1568 duos
603 1512 674 1568 lilios
693 1513 846 1584 impuberes
856 1511 981 1578 institnit,
1031 1516 1135 1570 bitendi
1153 1526 1228 1581 eret,
1247 1517 1316 1588 quod
1334 1517 1451 1588 potuerit
1469 1517 1582 1587 cogitare
1595 1528 1699 1572 testator
1710 1515 1851 1586 aliquando

153 1615 183 1658 et
205 1603 346 1658 substituit
365 1617 489 1673 supremo
514 1600 655 1664 morienti,
683 1597 797 1666 contigit
820 1614 883 1650 sero
905 1597 981 1666 plane
1031 1603 1135 1654 evertite
1154 1619 1244 1672 posse,
1265 1613 1293 1654 ut
1313 1619 1388 1669 uxor,
1406 1621 1485 1670 quern
1505 1617 1574 1654 nuno
1587 1600 1741 1654 hebebatiu
1754 1600 1849 1652 maeri.

152 1689 259 1743 infelici
280 1699 303 1740 et
325 1686 395 1740 tristi
415 1703 492 1749 44444,
514 1694 540 1736 ut
560 1683 601 1734 illl
622 1681 701 1735 liberi
720 1680 800 1734 simul
820 1682 847 1732 in
866 1697 917 1733 una
937 1697 981 1730 444·
1031 1687 1136 1748 monio,
1155 1686 1305 1749 tiecederet,
1323 1705 1376 1755 qno
1390 1703 1450 1738 casn
1464 1685 1571 1738 ielicius
1586 1695 1612 1738 ct
1625 1681 1782 1736 foecundius
1795 1699 1848 1736 ruu-

90 1806 115 1848 „
151 1777 179 1830 ri
201 1773 348 1846 perierint,
367 1771 520 1842 quaeritur,
538 1786 571 1822 en
590 1767 749 1820 substitutus
775 1761 915 1824 succedat?
933 1763 981 1816 Vi·
1032 1769 1189 1822 trimontium
1207 1770 1365 1824 contrahere
1383 1780 1479 1840 posset.
1499 1769 1550 1822 Sed
1570 1787 1639 1838 resp.
1660 1769 1727 1821 hunc
1746 1768 1848 1820 clausu·

154 1859 238 1912 detur
256 1856 326 1927 quod
346 1873 417 1919 non,
437 1855 499 1924 quia
518 1870 571 1906 non
589 1863 631 1905 est
649 1864 799 1920 supremus,
819 1848 871 1900 nisi
898 1847 981 1899 luerit
1030 1855 1080 1905 lrnn
1101 1873 1155 1906 non
1174 1855 1278 1926 operari
1299 1851 1503 1906 fideicommissi
1523 1855 1721 1908 restitutionem
1742 1850 1848 1905 burredi

152 1943 277 2014 primus,
297 1958 355 1992 eum
376 1939 454 1994 umbo
471 1947 558 1991 4441444
574 1947 696 2008 pereant,
709 1943 856 1988 4444444444
869 1929 981 2003 4444444444
1029 1943 1145 2008 4444444404
1165 1939 1235 2009 quod
1255 1950 1363 1994 testator
1382 1957 1436 1992 uon
1456 1939 1571 2010 potuerit
1593 1939 1723 2006 cogitare,
1743 1939 1849 1990 erenirc

86 2053 113 2096 ,e
152 2039 249 2082 neuter
266 2037 425 2097 postremus.
446 2025 497 2079 Sed
516 2023 579 2092 qnia
597 2020 750 2076 vocabulum
768 2034 908 2088 supremus
926 2033 978 2070 non
1031 2041 1123 2092 posse,
1143 2032 1173 2076 ut
1190 2041 1250 2076 cnm
1272 2025 1320 2076 isac
1339 2041 1421 2077 trxore
1438 2023 1607 2093 posthumum
1626 2022 1787 2091 susciperet,
1804 2023 1851 2074 tri·

148 2111 290 2164 confertur
306 2124 366 2160 curn
387 2107 493 2176 primo,
512 2107 582 2158 sicut
601 2122 739 2173 supremae
758 2105 860 2158 talsnlee
885 2101 979 2154 dicun·
1031 2118 1083 2160 stes
1103 2117 1192 2160 nutem
1211 2117 1320 2158 ererrtus
1340 2125 1392 2158 uon
1412 2121 1470 2158 esse
1489 2106 1518 2158 in
1542 2105 1774 2168 consideratione,
1792 2105 1850 2156 tte·

148 2207 210 2260 tur,
230 2193 291 2246 licet
310 2209 353 2244 eas
372 2191 458 2243 nnllne
475 2189 678 2250 antecesserint,
697 2198 724 2240 et
743 2189 805 2238 haec
818 2186 978 2254 interprete·
1028 2191 1104 2242 siocli.
1116 2193 1148 2244 de
1159 2201 1326 2258 praescript.
1338 2191 1418 2242 ttt.r.
1427 2201 1596 2262 praesunrpt.
1610 2201 1653 2244 44.
1666 2207 1692 2242 n.
1712 2197 1752 2240 44.
1765 2197 1790 2240 et
1808 2199 1847 2242 44.

153 2280 193 2334 tio
212 2279 252 2330 rei
273 2275 404 2347 4444444444
424 2285 463 2328 444
482 2273 697 2334 convenientior,
721 2271 831 2340 ideoque
849 2269 904 2322 clici
923 2280 979 2340 pot·
1032 2276 1105 2328 ldem
1123 2290 1199 2327 cons.
1219 2284 1280 2326 444.
1301 2291 1328 2324 44.
1354 2285 1392 2325 44.

150 2373 211 2428 est,
242 2371 384 2429 utrumqne
404 2358 514 2411 fratrem
536 2357 620 2410 rideri
639 2371 790 2424 supremum
817 2354 976 2420 decessisse,
1063 2358 1129 2412 Cum
1148 2369 1231 2410 nutem
1252 2374 1304 2409 non
1323 2358 1408 2410 solum
1426 2374 1474 2428 per
1491 2356 1848 2414 testamcutnmdirectode·

150 2447 382 2516 substitutnmque
399 2443 488 2500 soceri
508 2442 539 2492 nd
564 2441 704 2509 utriusque
725 2437 918 2491 successionem
944 2436 978 2492 ob
1027 2443 1127 2496 teratur
1146 2443 1310 2504 baereditas,
1332 2441 1377 2494 sed
1397 2450 1424 2494 et
1442 2461 1490 2513 per
1513 2441 1692 2510 indirectum,
1711 2453 1738 2496 nt
1754 2443 1778 2495 si
1804 2442 1845 2506 ii,

151 2533 266 2586 ,labium
286 2544 311 2585 er
329 2526 649 2584 incertumeeentumd.
675 2535 713 2576 44.
731 2519 982 2591 puffidebonor..
1028 2529 1074 2602 qui
1093 2530 1159 2580 alies
1177 2527 1323 2582 successuri
1342 2539 1443 2592 esseut,
1463 2526 1529 2584 iacto
1551 2545 1611 2592 suo,
1635 2525 1704 2580 iorte
1729 2544 1778 2596 per
1805 2542 1845 2578 re-

147 2635 266 2689 poscere.
285 2615 392 2669 secrsnd.
405 2613 478 2668 44444.
493 2613 511 2663 l·
530 2610 578 2681 qui
595 2610 671 2662 444404·
694 2605 769 2676 ⁹·ff·
788 2607 821 2660 de
839 2607 895 2661 reb·
914 2605 976 2660 dnb.
1027 2615 1243 2676 nunciationero,
1263 2615 1450 2678 excludantur,
1467 2616 1635 2684 inquantum
1649 2613 1717 2668 etin
1730 2631 1759 2668 ee
1773 2631 1846 2668 eren·

86 2725 114 2767 ee
156 2703 211 2758 Sed
233 2701 306 2755 ralrle
326 2700 427 2753 ridetur
445 2698 562 2760 obstare,
581 2697 600 2748 i.
617 2694 728 2764 siquis.
748 2703 790 2747 st.
810 2703 859 2747 cul
879 2693 979 2747 444441Ῐὶ
1027 2713 1067 2756 tus
1084 2699 1185 2758 attendi
1205 2699 1313 2766 debeat,
1332 2698 1490 2753 ridebimus.
1508 2701 1579 2753 ilinc
1597 2699 1744 2770 quaeritur,
1763 2716 1796 2753 sn
1811 2695 1845 2750 ii-

152 2787 279 2854 44444444
289 2807 295 2846 4
315 2800 376 2836 444444
395 2777 500 2851 wiff-
518 2779 556 2832 ⁰³
571 2788 658 2832 4444444
682 2777 795 2830 Meu·
814 2779 914 2830 Verum
935 2793 977 2828 ¹⁸⁸·
1027 2789 1062 2839 lia
1079 2787 1138 2840 dote
1155 2773 1274 2855 accepta,
1292 2801 1351 2838 curn
1364 2785 1511 2852 juramento
1524 2785 1682 2836 renuncians
1698 2783 1848 2836 baeredita-

157 2871 337 2940 444ῠῦ444444,
356 2865 423 2918 4444444
445 2871 582 2933 Psill’st‘ea
602 2858 674 2921 fieri¹
701 2861 764 2928 (44444
789 2876 844 2912 44044
867 2857 900 2911 ‘¹⁸
925 2869 976 2911 ¹⁰²¹
1029 2871 1049 2923 ti
1070 2881 1202 2942 paternae,
1219 2869 1254 2922 ob
1267 2886 1400 2921 enormem
1415 2871 1456 2924 rel
1466 2869 1681 2923 enormissimsm
1693 2869 1846 2932 laesionem,

155 2950 380 3014 hieiedllilwstffl
394 2959 495 3002 lunium
509 2946 541 3000 de
554 2942 799 3018 parleredliitlesstitl
813 2953 869 2996 erut
880 2954 976 3008 10444444,
1028 2956 1098 3010 som
1115 2956 1149 3008 ob
1173 2966 1343 3024 numentum
1368 2954 1498 3008 bonorum
1517 2965 1686 3026 paternorum
1711 2955 1848 3024 insperato

157 3038 268 3106 Peregr-
291 3033 506 3103 defidet'romm·
531 3041 583 3083 4444·
611 3040 650 3082 ¹³·
670 3047 696 3081 44·
720 3039 760 3082 ¹²·
786 3029 914 3097 4445444444·
944 3029 977 3082 dv
1027 3037 1317 3109 superveniens,bsnc
1331 3037 1559 3091 renunciationem
1574 3037 1660 3108 possit
1676 3035 1847 3090 rescindere?

153 3139 272 3181 snccess-
287 3137 422 3193 progrers·
441 3121 463 3186 §-
484 3129 526 3170 ²⁵·
545 3136 573 3170 44·
594 3128 637 3168 74·
656 3115 745 3166 444444·
764 3114 797 3166 de
814 3113 919 3166 44444444·
931 3132 976 3181 444·
1028 3123 1105 3195 Quod
1123 3139 1262 3193 negamus,
1283 3131 1339 3174 turn
1357 3122 1392 3174 ob
1405 3122 1561 3191 religionem
1576 3121 1701 3192 praestiti
1716 3122 1847 3186 jurumen-

153 3222 215 3266 444.
234 3208 386 3279 quescitur
404 3205 448 3257 dn.
471 3202 570 3255 Brunn.
590 3199 629 3255 ad
650 3200 668 3252 t.
685 3197 732 3268 qni
748 3198 825 3250 riuos·
847 3195 919 3266 eff·
944 3197 977 3250 444
1033 3209 1067 3269 ti,
1085 3221 1140 3262 turn
1158 3209 1193 3260 ob
1217 3217 1326 3260 ererrtus
1353 3206 1592 3271 incertitudinem,
1617 3204 1842 3276 quemadmodum

150 3295 209 3348 reb.
230 3292 293 3346 dut.
314 3309 342 3342 n·
362 3301 384 3340 4.
404 3288 445 3340 vel
465 3285 502 3338 lbi
523 3283 556 3338 414
581 3281 829 3336 ἦ44444044444445444444
851 3281 909 3350 “gis
936 3280 977 3333 '⁸¹
1027 3291 1114 3355 cuim,
1134 3292 1233 3362 sipost
1253 3289 1348 3342 iactam
1370 3291 1596 3345 renunciationem
1614 3289 1784 3344 facultatibus
1808 3291 1846 3344 la·

150 3385 267 3430 matrem
286 3373 326 3425 ibi
346 3370 531 3424 interuenisse.
1028 3375 1213 3445 baturpater,
1233 3374 1303 3427 nibil
1322 3373 1432 3426 omnine
1451 3377 1523 3442 ejus,
1540 3374 1612 3443 qnod
1631 3371 1703 3426 dotis
1719 3374 1846 3436 nomine,

85 3481 114 3522 te
184 3459 334 3514 Occasione
346 3457 426 3525 hujus
440 3454 574 3517 materiae,
586 3454 620 3506 ob
634 3453 744 3507 dubium
760 3453 889 3506 nimirum
900 3469 977 3508 ereu-
1027 3477 1086 3513 curn
1106 3461 1264 3522 elocerctnr,
1283 3459 1400 3528 accepit,
1420 3459 1575 3511 restitutura
1597 3455 1845 3526 esset,l.u1t.ffi

154 3557 232 3610 turn,
250 3552 383 3613 qusernut
404 3540 449 3592 dd.
468 3537 572 3609 quando
593 3549 710 3608 pateret
730 3535 804 3591 iilius
829 3538 910 3591 simul
933 3557 977 3608 pe·
1027 3545 1058 3599 de
1076 3545 1133 3597 dot.
1150 3543 1242 3597 nollet.
1263 3543 1280 3593 4.
1302 3551 1325 3594 4.
1343 3560 1366 3594 c.
1387 3541 1420 3594 de
1438 3541 1530 3595 collat.
1549 3541 1604 3608 its,
1618 3539 1665 3593 ubi
1678 3541 1844 3594 contrarium

155 3630 263 3682 cierunt
282 3627 369 3690 bello,
389 3623 479 3688 rrriua,
498 3621 652 3692 naufragio,
672 3624 711 3676 rel
724 3623 802 3676 etiem
815 3624 978 3694 peste,quis
1027 3631 1085 3696 ejus
1103 3629 1203 3692 ensuite
1223 3626 1393 3679 delaecione
1413 3641 1576 3696 conquerens
1600 3621 1658 3676 lilia
1680 3623 1766 3696 audiri
1791 3641 1846 3678 uon

91 3728 116 3770 tt
156 3715 236 3770 elteri
256 3721 392 3782 superstes
410 3707 554 3764 credatur?
575 3711 708 3778 Distingu.
728 3708 916 3776 communiter,
933 3720 978 3763 aut
1027 3713 1117 3779 debet,
1137 3713 1156 3763 l.
1171 3729 1234 3780 pen.
1252 3727 1276 3762 c.
1294 3710 1325 3764 de
1344 3711 1439 3764 donat.
1457 3711 1476 3762 1.
1497 3711 1534 3764 od
1546 3710 1730 3763 terdoratus.
1745 3719 1787 3762 44.
1797 3707 1841 3778 ff.

155 3817 217 3853 curn
237 3794 297 3848 filio
316 3797 414 3866 pubere
433 3795 516 3866 periit
534 3803 560 3844 et
579 3792 742 3858 intelligitur
754 3791 976 3862 supervixisselr-
1026 3799 1057 3850 de
1076 3796 1159 3851 redit.
1184 3796 1262 3850 edict.
1287 3793 1379 3864 Carpe.
1396 3811 1424 3861 p.
1446 3805 1470 3846 4.
1487 3812 1510 3846 c.
1531 3805 1574 3846 44.
1591 3793 1617 3846 d.
1639 3803 1664 3844 4.
1682 3811 1712 3846 η,
1733 3793 1842 3848 41444.

151 3887 221 3948 lius,
241 3893 287 3935 aut
305 3893 453 3951 petercum
473 3877 530 3930 lilio
549 3877 701 3947 impubere,
723 3885 749 3929 et
766 3875 884 3928 creditur
904 3889 977 3947 pater
1026 3882 1146 3936 leubeus.
1165 3893 1198 3936 tr.
1216 3882 1250 3935 de
1268 3879 1417 3934 renunciet.
1437 3895 1548 3933 srrccess.
1568 3898 1612 3949 pu.
1633 3889 1675 3931 44.
1695 3898 1723 3933 n.
1751 3890 1793 3932 44.
1820 3891 1847 3933 44

154 3969 352 4041 supervixisse,
379 3967 396 4017 l.
418 3975 459 4016 44.
476 3965 510 4016 de
535 3963 589 4014 ret.
609 3961 671 4014 dub.
699 3959 776 4014 Ratio
795 3959 976 4014 distinctionis
1027 3985 1097 4040 seqq.
1118 3967 1172 4019 Du.
1191 3968 1279 4019 Strui.
1297 3981 1388 4017 euers.
1408 3973 1450 4016 44.
1469 3964 1507 4014 44.
1528 3975 1569 4015 44.
1589 3961 1840 4018 nnttmnnart

153 4066 209 4114 est,
229 4052 291 4122 qnia
310 4050 409 4122 pubere
429 4059 453 4102 et
470 4047 606 4118 impubere
620 4044 702 4097 simul
716 4043 891 4113 pereuntibus
904 4061 976 4115 prae·
1029 4065 1052 4106 4.
1069 4071 1091 4106 c.
1110 4053 1143 4106 de
1160 4049 1275 4106 rescind.
1298 4049 1378 4104 vend.
1409 4047 1532 4101 Menoeb.
1556 4061 1632 4101 conr.
1658 4056 1718 4101 444.
1744 4067 1772 4102 4.
1800 4059 1844 4102 44.

154 4138 275 4192 surnitur
302 4133 425 4204 impubes
449 4131 484 4185 ub
510 4140 622 4183 aetatem
651 4138 766 4182 tenerent
794 4136 821 4180 et
839 4124 974 4181 infirmam
1026 4138 1162 4208 Koeppeu,
1183 4135 1264 4189 decb.
1283 4143 1387 4207 quaest.
1410 4145 1432 4186 4.
1452 4150 1476 4184 44.
1497 4143 1539 4184 44.
1560 4131 1649 4186 flabo.
1667 4131 1700 4186 de
1712 4133 1768 4203 jor.
1789 4148 1841 4186 rer.

152 4226 230 4296 prins
250 4231 363 4274 ruortcm
382 4218 572 4282 obiisse,curu
585 4232 637 4268 non
653 4213 783 4284 possitob
798 4209 903 4281 fragiles
915 4230 975 4266 cur·
1023 4224 1253 4278 00„,1„„ee„„
1274 4218 1844 4286 22,seeundumqua„;„„„„„„„,.
1882 4217 1912 4257 44

152 4311 227 4384 pori!
246 4310 315 4362 44444
333 4304 389 4368 dius
407 4303 445 4356 4444
458 4303 556 4372 pulmo
569 4317 627 4352 444444
642 4309 728 4352 morlo
739 4298 889 4352 colluctari.
902 4301 975 4368 Quae
1023 4309 1126 4362 riorum
1145 4325 1224 4378 porro
1243 4304 1427 4368 inserendum,
1443 4316 1492 4354 neo
1505 4312 1604 4370 patrem
1613 4339 1622 4365 ,
1636 4302 1657 4353 si
1671 4311 1732 4368 post
1745 4298 1842 4354 iactam

152 4396 256 4451 tamdiu
281 4389 439 4464 procedunt,
465 4389 550 4440 donec
573 4387 602 4438 in
628 4395 739 4455 utroque
763 4403 825 4438 casu
849 4385 976 4454 probetur
1023 4392 1250 4448 renunciationem
1268 4391 1302 4442 nd
1322 4389 1440 4460 inopiam
1459 4394 1558 4454 uergat,
1571 4385 1613 4448 id,
1627 4383 1696 4454 quod
1707 4385 1777 4438 dotis
1797 4404 1844 4441 uo·

152 4479 336 4540 eontrarium,
354 4471 524 4526 terrentii.
545 4480 569 4521 ²·
581 4470 661 4524 444444·
681 4487 704 4522 4·
724 4481 749 4522 4·
766 4487 795 4522 44·
815 4480 838 4522 ⁸·
851 4471 975 4524 Menoch·
1025 4480 1097 4532 mine
1115 4477 1201 4540 dedit,
1220 4486 1337 4546 repetere
1356 4489 1439 4544 posse.
1456 4471 1541 4524 Nicol.
1561 4469 1639 4522 Bodr.
1657 4468 1737 4523 decis.
1757 4481 1801 4522 44.
1814 4491 1842 4522 n.

153 4565 199 4618 tit.
222 4575 246 4615 4.
264 4568 430 4628 preesnmpt.
449 4569 491 4609 44.
511 4573 539 4608 44.
561 4565 602 4605 44.
621 4565 648 4607 44
665 4569 735 4622 seqq·
754 4551 849 4624 Carpe.
866 4565 936 4623 port.
951 4567 975 4607 4.
1027 4573 1067 4616 44.
1089 4561 1162 4616 Diss.
1180 4559 1253 4614 Gall.
1272 4557 1319 4610 tit.
1340 4567 1365 4608 4.
1384 4557 1443 4611 obs.
1474 4565 1530 4607 ttr.
1555 4553 1665 4624 Hippoi.
1690 4555 1840 4608 liiminald.

153 4647 263 4703 constit.
288 4657 327 4696 44.
345 4643 401 4710 des.
423 4655 464 4694 to.
483 4650 509 4693 44
530 4649 571 4692 44.
591 4639 792 4692 Schneidewin.
810 4637 850 4692 od
864 4657 906 4706 pr·
931 4639 974 4692 444-
1005 4646 1068 4712 ι444.
1090 4659 1113 4697 4.
1131 4660 1207 4698 cons.
1221 4657 1281 4696 444.
1294 4662 1321 4696 44.
1338 4654 1379 4694 sn.
1392 4640 1488 4708 Georg.
1501 4638 1705 4691 Natbuu.trnct.
1719 4637 1752 4690 de
1768 4651 1843 4707 poet.

154 4735 211 4787 4444.
224 4733 258 4785 de
270 4729 379 4785 linereri.
395 4745 468 4798 puae
486 4724 521 4776 cl
534 4725 622 4778 intest.
640 4719 816 4792 deseruntur,
832 4724 882 4777 sot
900 4723 973 4778 ratr-
1022 4727 1094 4781 circo
1110 4742 1223 4780 success·
1241 4744 1270 4777 n.
1289 4736 1331 4778 44.
1344 4723 1473 4793 Quamvis
1486 4721 1595 4788 iuratum
1610 4722 1837 4776 renunciationem
1881 4757 1914 4800 ,⁰

151 4819 185 4872 da
202 4815 313 4871 44444444.
330 4813 390 4870 ord.
406 4809 511 4867 sacred.
531 4806 641 4862 ascend.
661 4825 688 4858 4.
710 4815 734 4858 4.
751 4816 778 4860 44
791 4823 860 4876 qnos
873 4809 974 4880 stragas
1022 4807 1108 4874 filiae,
1127 4809 1150 4863 si
1170 4812 1218 4862 dos
1237 4825 1350 4878 congrua
1368 4804 1428 4860 duta
1447 4806 1499 4877 ipsi
1518 4806 1589 4860 baud
1608 4805 1702 4870 inerit,
1720 4805 1843 4862 rescindi

155 4902 348 4957 liiucbelthaus
366 4901 475 4954 observ.
498 4907 539 4950 44.
559 4913 588 4948 44.
607 4905 632 4946 s.
651 4901 677 4946 44
693 4908 748 4961 seq.
766 4889 820 4944 Sed
844 4910 903 4945 cuns
928 4914 974 4950 ne-
1023 4912 1100 4965 posse
1118 4893 1198 4946 facile
1214 4891 1403 4955 concesserim,
1424 4889 1516 4960 Carpe.
1533 4889 1594 4943 dict.
1614 4891 1666 4944 loc.
1684 4889 1739 4960 des.
1758 4905 1781 4944 4.

156 4991 260 5065 gotinm
279 4984 421 5052 ltocsnlde
439 4983 475 5035 sit
492 4977 617 5040 dubium,
637 4975 789 5043 ambignum
809 4985 833 5028 et
851 4974 973 5046 difficile,
1058 4981 1118 5030 linc
1139 4993 1243 5047 qnoque
1267 4974 1406 5045 pertinent
1422 4973 1627 5028 consuetudines
1652 4993 1698 5030 sen
1721 4987 1843 5044 ststnts,

152 5078 232 5142 κω,
251 5083 282 5126 ue
298 5073 364 5126 ,nbi
382 5073 412 5124 in
431 5073 506 5138 jure,
526 5079 716 5132 nonnunanm
739 5061 866 5131 rapienda
890 5081 918 5117 ee
937 5079 976 5120 est
1022 5063 1108 5134 qualia
1127 5063 1156 5114 in
1177 5061 1326 5130 'l'lrnringie
1342 5057 1486 5128 multisque
1497 5058 1557 5110 aliis
1571 5057 1637 5113 locis
1656 5072 1732 5124 sunt,
1750 5079 1842 5114 secun·

150 5161 271 5224 oemio,
282 5171 349 5228 quae
361 5153 503 5223 benignius
517 5149 640 5221 praebeat
653 5162 819 5216 responsuro,
831 5147 850 5199 4.
862 5147 973 5216 repien-
1021 5151 1083 5202 dum
1102 5165 1168 5219 quae
1185 5157 1324 5220 perentes,
1343 5143 1376 5197 ad
1395 5143 1512 5196 4444444444
1529 5153 1587 5196 sota
1606 5155 1785 5209 transeuntes,
1798 5145 1842 5197 di·

153 5249 191 5302 rle
209 5243 330 5298 occasio.
352 5252 411 5296 444.
420 5237 461 5308 ff
480 5237 553 5289 der.
569 5233 589 5301 1'.
608 5233 626 5286 1.
644 5247 760 5298 semper.
782 5242 825 5282 44.
849 5240 877 5283 44
899 5231 919 5284 1.
943 5232 974 5287 in
1021 5235 1110 5289 ridere
1129 5234 1198 5286 bona
1217 5249 1264 5284 sua
1275 5246 1335 5282 cnm
1348 5227 1443 5282 liberis
1453 5227 1551 5298 prioris
1562 5227 1727 5280 matrimonii
1749 5237 1840 5282 teuen-

154 5326 299 5400 emdignis.
319 5337 362 5379 44.
380 5331 403 5386 t.
418 5333 442 5376 4.
453 5322 486 5375 de
500 5338 522 5372 r.
529 5318 552 5388 1⁸.
565 5317 608 5370 Ob
621 5332 678 5368 eam
693 5313 886 5368 humanitatem
895 5325 974 5388 etque
1023 5330 1080 5382 tur,
1099 5327 1126 5370 et
1144 5316 1222 5370 liberi
1241 5315 1343 5370 loturae
1362 5299 1519 5366 successioni
1535 5311 1695 5375 renunciare,
1708 5310 1744 5364 uti
1757 5313 1838 5364 etiarn

152 5413 345 5485 benignitatem
358 5424 429 5460 uisne
446 5404 571 5464 dicimus,
589 5401 657 5453 bauo
673 5396 765 5450 induci
782 5399 973 5469 praesumptio·
1022 5399 1159 5454 drnstadii
1172 5407 1246 5452 extat
1256 5395 1413 5463 huiusmodi
1422 5433 1431 5461 ,
1445 5411 1501 5451 4444
1513 5393 1556 5448 ein
1572 5395 1657 5448 Maon
1673 5394 1741 5447 oder
1757 5394 1835 5447 Weib

151 5519 234 5564 nem,
251 5495 357 5568 quondo
375 5492 461 5560 egitur
480 5487 513 5540 de
531 5479 753 5558 superexistentis
772 5491 894 5548 respectu
913 5499 972 5535 suc·
1020 5483 1050 5536 in
1068 5483 1117 5536 der
1133 5483 1240 5538 nudem
1258 5483 1319 5535 Ede
1335 5477 1619 5550 gemmuenwerden,
1637 5477 1759 5532 desselbe
1785 5479 1838 5536 rien

149 5584 282 5642 4444444ιί4
299 5575 468 5634 ascendentis
487 5572 545 5626 scil.
564 5567 674 5630 matris,
694 5581 745 5635 per
761 5565 873 5633 allegata
890 5565 970 5618 Fuss-
1019 5568 1145 5621 Kindrru
1163 5567 1280 5622 onderer
1302 5566 1363 5620 Ede
1374 5563 1479 5636 J'elpen
1506 5563 1568 5616 soll.
1585 5561 1663 5616 Unde
1679 5563 1837 5632 qrrreritnr,
1875 5579 1905 5622 44

151 5670 189 5723 ,44
207 5667 239 5723 a,
258 5665 364 5724 44444444.
376 5661 424 5731 'qn
445 5669 505 5710 444.
524 5674 550 5708 4.
572 5664 597 5707 4.
614 5650 666 5706 Sed
686 5649 774 5714 alind,
793 5647 898 5720 qrrsndo
915 5650 970 5718 api·
1019 5669 1052 5703 uu
1068 5649 1104 5704 ob
1122 5649 1310 5704 hoereditatem
1334 5649 1472 5718 insperrto
1490 5647 1645 5718 perentibus
1665 5645 1777 5700 delatam
1803 5649 1837 5702 li·

151 5763 195 5810 ιω·
213 5753 248 5807 ue
265 5745 492 5824 superexistentis
508 5747 631 5812 respectu
647 5734 823 5790 successionis
839 5734 969 5805 extrsnei3
1017 5733 1074 5791 beri
1086 5735 1185 5808 prioris
1197 5733 1362 5789 matrimonii
1373 5732 1514 5788 laesionem
1527 5731 1703 5804 praetendere
1715 5729 1836 5805 possint?
