4348 6312
218 397 273 454 92,
580 381 627 434 ue
646 383 737 437 tuna
756 377 1118 452 nnnsrnrttequoao
1138 377 1442 436 numennumen.
1744 383 1798 458 ,so

161 475 191 528 io
214 475 410 546 legationibus,
429 475 615 542 conventibus,
635 475 736 543 literis,
748 477 827 542 actis,
844 477 984 547 imperator
1036 485 1063 528 et
1081 473 1166 529 famae
1179 475 1310 540 laesione,
1322 493 1387 545 quae
1406 491 1464 528 eum
1482 473 1537 529 rita
1550 475 1609 552 pari
1624 493 1703 549 passu
1718 481 1851 546 ambulet,

109 551 113 560 ’
165 577 323 614 rotnannsa
344 562 444 616 turcico
458 564 562 634 patras,
582 572 607 614 ct
628 563 672 615 bic
689 562 807 617 vicissim
826 565 859 616 ub
878 561 987 630 illosilt'i
1036 561 1216 633 praeter-mitti
1241 578 1295 616 noo
1318 570 1423 632 potest,
1451 561 1545 613 honori
1571 562 1643 614 enim
1675 565 1764 618 omnia
1791 574 1853 619 sunt

167 645 277 698 nomine
296 645 458 712 honoretur,
477 645 581 698 Tlrueu.
599 647 695 698 lister.
714 647 732 698 l.
756 658 812 700 tes.
823 666 851 718 p.
868 659 943 698 ttts.
956 645 987 696 ln
1037 644 1228 718 postponenda,
1246 646 1263 698 1.
1283 645 1425 700 Julianus.
1446 655 1486 698 ts.
1496 642 1539 713 ff·
1557 643 1583 696 si
1600 645 1660 717 quis
1674 648 1765 702 omiss.
1778 665 1849 702 cous.

22 745 23 760 ι
88 747 122 789 20
167 727 283 800 imperio
309 748 411 801 quoque
438 743 528 784 nostro
556 731 626 784 nibil
653 729 835 801 frequentius,
859 749 936 802 quam
961 739 989 784 ut
1035 740 1092 784 sess.
1117 748 1183 801 quae
1200 740 1286 784 autem
1307 730 1365 783 sine
1383 731 1479 784 rubore
1498 741 1525 784 et
1543 734 1699 786 resecandis
1717 731 1778 788 fieri
1799 753 1850 788 neu

161 805 247 870 status
265 819 424 888 praesertim
449 821 478 871 in
498 819 616 872 comitiis
630 819 663 872 de
677 818 859 888 praecedentia
879 819 949 872 iuter
961 833 989 872 se
1036 826 1162 884 possunt,
1182 813 1301 870 iacienda
1319 829 1371 866 non
1391 823 1465 878 sunt,
1486 813 1504 866 l.
1522 812 1630 882 pemff·
1640 811 1753 884 desert.
1767 817 1849 872 Dum·
1890 833 1919 874 rs

166 899 406 972 disputent,unde
419 904 497 958 etiem
514 903 667 958 Zemoiseus
679 903 850 956 cancellarius
865 903 988 956 Poloniae
1037 899 1115 952 modo
1134 909 1234 964 tamen,
1255 911 1382 970 utsupra
1400 898 1516 965 dietum,
1537 917 1590 952 non
1609 918 1673 952 retra
1693 901 1792 970 gloriae
1810 917 1853 954 cu·

165 984 256 1038 dicere
276 988 368 1041 solitus
388 986 454 1052 fuit,
467 1004 604 1058 germanos
623 988 652 1039 in
671 987 788 1042 eosnitiis
807 990 862 1042 suis
880 988 988 1044 sereni·
1035 983 1160 1054 piditate,
1181 986 1228 1038 sed
1245 1003 1305 1038 cum
1325 983 1505 1038 moderatione
1525 985 1553 1036 id
1574 981 1637 1051 stat,
1656 985 1771 1038 maxime
1790 1003 1851 1042 rer-0

163 1067 206 1122 hil
223 1071 297 1124 aliud
315 1089 496 1142 agere,quam
517 1071 791 1142 utdepraeeedentia
810 1072 986 1126 sessionibus·
1035 1065 1228 1140 pacificationis
1254 1081 1393 1140 tempore,
1412 1068 1457 1120 nbi
1487 1069 1632 1120 sessionem
1658 1069 1852 1124 inutilitatem

159 1170 210 1222 que
235 1154 388 1224 disputent,
417 1157 472 1209 rid.
499 1155 614 1208 Kirclrn.
639 1154 666 1208 d.
689 1156 771 1226 tegat.
793 1176 815 1210 e.
843 1170 867 1211 s.
894 1176 923 1209 n.
944 1169 987 1212 te.
1033 1151 1097 1208 boni
1117 1154 1217 1225 publici
1237 1171 1290 1208 non
1308 1155 1373 1208 edeo
1393 1153 1537 1222 urgendum
1563 1152 1635 1206 dixit
1653 1153 1758 1206 Comin.
1778 1155 1797 1206 l.
1826 1169 1848 1208 s.

163 1239 273 1308 restigir
294 1238 389 1294 horum
408 1240 498 1294 litium
519 1239 617 1310 passim
639 1249 770 1310 apparent
788 1255 821 1294 ex
839 1241 985 1294 recessibus
1035 1257 1055 1292 o.
1078 1251 1102 1291 s.
1120 1238 1219 1294 confer.
1240 1239 1367 1292 tremet
1382 1242 1472 1292 eoenr't.
1486 1257 1509 1290 c.
1522 1251 1545 1290 t.
1559 1257 1586 1290 n.
1602 1251 1643 1294 ss.
1654 1257 1725 1309 seqq.
1738 1241 1851 1296 Hermes

160 1324 268 1394 imperii
287 1326 324 1380 uti
337 1343 370 1380 ex
389 1345 413 1380 r.
424 1327 450 1399 1'
469 1327 495 1379 d.
515 1345 593 1382 oneo
607 1340 686 1382 tsoo.
700 1335 721 1390 ἱ.
735 1327 983 1382 weiternaeltdena.
1033 1325 1062 1378 in
1064 1325 1142 1395 suso
1149 1324 1208 1396 jur.
1223 1325 1297 1396 publ.
1310 1344 1333 1378 e.
1351 1337 1391 1378 ss.
1410 1344 1439 1376 n.
1462 1337 1501 1379 ts.
1520 1340 1593 1394 seqq.
1608 1321 1700 1393 carpe.
1713 1323 1783 1386 adt.
1796 1341 1850 1393 reg.

158 1423 181 1458 r.
196 1407 220 1476 j.
239 1408 266 1460 d.
286 1427 362 1462 euno
387 1422 464 1464 tete.
480 1413 502 1476 S.
523 1415 594 1464 Item
616 1412 658 1464 als
680 1411 737 1464 sicle
754 1413 793 1464 ias
810 1411 920 1483 unsnng
936 1414 983 1466 des
1031 1427 1054 1462 e.
1072 1421 1189 1464 to.seet.
1204 1421 1230 1464 t.
1244 1432 1272 1465 n.
1286 1422 1368 1464 sees
1382 1429 1454 1483 seqq.

158 1492 585 1564 Reieln-Yuges.r·1‘.d.unno
608 1507 683 1550 tens.
702 1503 724 1560 ς.
746 1497 787 1550 uls
811 1499 882 1550 nucia
907 1500 980 1552 necle
1065 1495 1107 1546 Aa
1124 1503 1211 1548 autem
1234 1497 1411 1550 controversie
1436 1493 1631 1566 praecedentiae
1656 1494 1722 1548 tenti
1742 1491 1779 1547 sit
1797 1510 1851 1546 mo·
1888 1497 1918 1538 ²⁸

158 1584 242 1628 etwas
261 1574 397 1648 irrungen.
417 1595 439 1630 r.
449 1579 476 1650 j
496 1579 522 1632 d.
540 1598 617 1634 anne
640 1592 714 1634 tete.
734 1587 755 1644 ς.
775 1583 895 1638 Femers
914 1594 940 1637 et
957 1585 978 1649 §.
1030 1579 1131 1644 menti,
1150 1587 1180 1630 nt
1197 1579 1321 1650 princeps
1339 1581 1419 1632 etiam
1438 1581 1582 1633 sessionem
1603 1578 1656 1632 sibi
1674 1577 1790 1630 debitam
1807 1593 1850 1628 ar-

145 1671 146 1674 ’
166 1661 253 1711 liban
271 1660 354 1713 denes.
375 1662 467 1716 Plures
486 1680 634 1718 recessuum
657 1673 746 1718 textus
766 1666 873 1737 allegati
892 1667 979 1720 rideri
1029 1662 1081 1714 mis
1099 1661 1235 1716 sindicere
1252 1674 1279 1717 et
1299 1664 1366 1716 tueri
1385 1662 1620 1733 possit,amoltis
1637 1658 1851 1732 inquirituriiit

161 1754 278 1812 possunt
295 1744 366 1814 apud
387 1745 461 1800 Ceus.
482 1758 517 1799 er.
537 1750 562 1800 d.
579 1747 705 1818 praeced.
721 1749 742 1800 1.
762 1761 783 1803 t.
802 1767 825 1804 e.
847 1763 869 1805 t.
889 1771 916 1804 a.
939 1764 981 1805 tt.
1027 1747 1064 1798 ita
1083 1747 1271 1801 consuluerunt
1289 1748 1410 1802 Meuocb.
1429 1763 1503 1802 eone.
1525 1757 1584 1802 sot.
1597 1764 1626 1798 ss.
1639 1757 1681 1798 ts.
1700 1755 1727 1798 et
1743 1759 1814 1815 seqq.
1832 1745 1850 1796 l.

159 1845 228 1896 seqq.
250 1828 370 1898 Singulis
388 1829 444 1885 lere
463 1831 548 1887 adbuc
571 1833 691 1886 comitiis
710 1850 838 1888 norrrom
858 1834 979 1904 disputa·
1030 1840 1070 1883 ιο.
1084 1830 1198 1886 Noldea.
1210 1832 1242 1885 de
1252 1831 1337 1886 nobil.
1348 1849 1371 1884 c.
1389 1843 1434 1888 te.
1447 1852 1476 1884 n.
1492 1845 1533 1884 ss.
1545 1841 1572 1882 et
1583 1847 1654 1902 seqq.
1666 1840 1693 1881 et
1705 1829 1792 1900 plures
1803 1827 1851 1880 alii

161 1911 264 1964 tionum
285 1931 315 1966 ac
333 1915 423 1966 litium
443 1915 604 1970 clamoribus
618 1918 651 1970 de
671 1916 717 1968 hac
735 1934 811 1971 eausa
830 1918 920 1972 onrnie
938 1936 980 1970 re·
1026 1915 1130 1983 allegati
1151 1934 1165 1969 a
1186 1916 1314 1970 Scbdtuio
1333 1916 1385 1969 vol.
1403 1926 1425 1966 t.
1437 1916 1502 1987 disp.
1518 1926 1541 1966 s.
1558 1915 1596 1968 tls.
1614 1912 1704 1967 tt.lit.
1719 1932 1745 1966 a.
1756 1911 1786 1964 in
1794 1911 1847 1980 fin.

159 1996 284 2066 plentur,
302 2016 362 2050 cum
387 2017 421 2052 ne
444 1999 551 2070 quidem
581 2012 665 2054 retera
691 2000 804 2054 dissidia
825 2002 980 2070 composita.
1009 2000 1128 2054 ¹Dicunt
1145 2001 1239 2068 enim,
1265 2017 1323 2054 esse
1347 1999 1524 2053 turbationem
1543 1999 1689 2060 honorum,
1706 2014 1774 2066 qnae
1791 2012 1852 2048 eum

159 2081 224 2132 Tem
243 2082 341 2134 acriter
358 2092 446 2134 autem
466 2085 571 2154 saepius
592 2086 639 2138 bae
651 2085 684 2138 de
697 2085 880 2155 praecedentia
898 2104 980 2156 qnae·
1029 2083 1083 2136 rim
1104 2084 1238 2150 includet,
1260 2087 1285 2136 ri
1305 2102 1408 2154 qnoque
1426 2085 1507 2155 possit
1531 2083 1648 2153 repelli,
1671 2079 1755 2145 adeo,
1775 2088 1805 2131 ot
1825 2079 1849 2131 si

159 2166 261 2218 stiones
278 2164 423 2220 'rentilatae
441 2169 514 2222 inter
533 2187 607 2239 reges
625 2179 654 2220 et
671 2168 826 2240 principes,
847 2181 876 2222 ιιι
896 2170 980 2222 maxi·
1028 2167 1162 2238 quispiam
1182 2167 1348 2222 defendendo
1366 2169 1451 2223 locum
1467 2166 1521 2220 sibi
1533 2166 1654 2220 debitum
1671 2163 1852 2220 adrerserium

157 2249 210 2300 mis
231 2247 309 2304 bellis
327 2262 353 2304 et
373 2252 458 2304 turbis
477 2263 564 2306 ortum
583 2253 770 2323 praebuerint,
788 2253 859 2324 quod
878 2253 984 2308 abunde
1027 2252 1214 2322 prohibentem
1233 2252 1349 2318 occidat,
1368 2270 1449 2322 poena
1468 2250 1605 2304 ordinaria
1619 2247 1688 2303 baud
1701 2248 1852 2320 puniendus

162 2349 195 2386 ex
214 2333 341 2389 historiis
361 2337 493 2391 clarescit.
1030 2339 1083 2408 sit,
1103 2338 1211 2392 schista.
1225 2337 1251 2390 d.
1262 2338 1281 2390 l.
1295 2340 1332 2391 tle.
1349 2350 1388 2392 ts.
1401 2333 1490 2406 infin.
1510 2333 1619 2404 Quale
1637 2350 1712 2386 censa
1734 2343 1851 2405 tempore
1889 2331 1918 2370 ²⁹

197 2416 231 2472 Ut
249 2429 334 2473 autem
354 2417 499 2473 damnandi
519 2431 579 2474 sunt
598 2419 617 2472 ii
624 2421 694 2490 ,qui
713 2418 861 2474 ambitione
874 2432 897 2475 et
916 2421 982 2476 iastu
1028 2419 1230 2474 Frideriei'lll.
1248 2421 1278 2472 iu
1297 2421 1415 2474 comitiis
1440 2417 1612 2489 augustanis,
1638 2416 1770 2487 Georgius
1796 2417 1851 2470 dux

160 2499 193 2554 de
210 2501 314 2556 ordinis
335 2505 499 2575 praelatione
516 2507 699 2570 contendunt,
714 2504 753 2558 ita
773 2524 788 2558 e
807 2517 914 2572 contra,
933 2509 979 2578 qui
1029 2503 1168 2567 Burneiae,
1186 2523 1232 2570 eo,
1251 2506 1320 2575 quod
1335 2502 1521 2574 sigismundus
1538 2501 1726 2556 mareschallus
1738 2500 1771 2556 de
1783 2501 1851 2573 Pap-

157 2601 210 2636 non
229 2603 294 2639 rana
314 2589 414 2658 gloriae
433 2591 593 2662 cupiditate,
612 2591 659 2644 sed
684 2591 791 2644 ordinis
814 2594 936 2659 ratione,
955 2603 982 2646 et
1027 2591 1153 2660 penheim
1173 2591 1282 2644 ilberto
1299 2590 1431 2644 saxoniae
1448 2587 1511 2642 duci
1529 2587 1695 2657 superiorem
1715 2587 1851 2646 looumau
1879 2613 1882 2618 Α

66 2685 69 2692 ’
158 2677 187 2719 ut
208 2666 371 2726 familiarum
391 2673 504 2744 dignitas
523 2683 714 2742 conservetur,
732 2675 854 2728 debitum
875 2677 929 2730 sibi
941 2679 980 2732 lo·
1030 2677 1194 2746 signaverat,
1215 2673 1417 2744 sigismundum
1435 2672 1470 2726 ed
1480 2672 1596 2725 duellum
1616 2671 1773 2741 prosecuit,
1787 2685 1854 2739 quos

158 2768 218 2804 eum
231 2766 369 2826 expetunt,
385 2759 489 2812 landem
503 2770 647 2825 merentur,
658 2759 782 2814 Menoeis.
796 2761 853 2814 nol·
869 2774 890 2814 t.
904 2779 980 2816 eoas.
1029 2770 1117 2814 temen
1136 2761 1338 2814 Maximiliauus
1351 2759 1372 2811 l.
1386 2769 1441 2812 tum
1456 2756 1585 2827 temporis
1597 2756 1676 2808 Rom.
1689 2771 1754 2820 rex,
1772 2753 1852 2808 inter-

163 2845 206 2886 st.
224 2853 251 2888 n.
273 2850 295 2890 s.
315 2837 394 2892 Nihil
411 2842 545 2914 siquidem
565 2842 636 2896 aliud
657 2844 780 2898 ridentur
794 2863 886 2914 agere,
902 2864 980 2916 squam
1028 2845 1136 2900 veniens
1155 2845 1279 2915 plecterit,
1301 2861 1337 2898 ee
1349 2842 1416 2896 siat.
1427 2845 1560 2896 summer.
1577 2837 1672 2909 Carpe..
1685 2836 1748 2890 del·
1763 2855 1815 2911 reg.
1827 2857 1850 2894 e.

162 2929 188 2970 nt
203 2922 274 2988 justo
292 2921 446 2993 ‹lignitrtum
466 2928 563 2982 ordine
582 2939 750 2992 conservato,
765 2929 822 3000 ipsa
841 2947 981 2984 conserve.
1036 2937 1075 2980 to.
1088 2936 1150 2982 sect.
1164 2938 1189 2978 t.
1202 2945 1231 2979 n.
1252 2935 1293 2980 ts.
1313 2926 1351 2986 tta
1369 2926 1469 2994 legatus
1485 2921 1761 2992 respuetgenneusie
1773 2934 1850 2976 etse·
1889 2939 1919 2979 to

160 3009 202 3050 tur
220 3005 341 3074 respubl.
359 3009 391 3060 ln
410 3025 489 3079 quem
509 3007 590 3064 bnem
608 3011 668 3078 jura
687 3021 741 3064 tam
759 3029 880 3067 caesarea
899 3031 977 3084 quem
1027 3013 1117 3067 nensis
1136 3014 1167 3066 in
1184 3011 1351 3066 coronatione
1376 3011 1464 3065 Caroli
1483 3013 1517 3066 V.
1536 3009 1671 3084 Bononiae
1687 3013 1728 3078 jus
1747 3027 1850 3081 preera-

157 3081 294 3151 pontificia
317 3089 460 3160 ordinem,
479 3093 650 3163 dignitatem,
672 3104 700 3148 et
720 3095 817 3164 gradus
842 3097 979 3152 observari
1030 3098 1138 3154 dentiae
1155 3099 1254 3170 pugnis
1270 3104 1483 3170 propugnarunt,
1501 3094 1555 3148 rid.
1577 3094 1647 3148 Paul.
1667 3095 1720 3148 lor.
1733 3095 1794 3150 ltirt.
1806 3095 1852 3149 sui

159 3170 265 3236 'dunis
286 3173 305 3226 1·
324 3175 423 3229 donor·
445 3186 485 3229 tl.
504 3185 525 3242 5.
543 3180 735 3246 gerendorum.
749 3192 773 3234 s.
792 3181 810 3233 l.
829 3192 859 3236 ut
874 3185 978 3252 grade-
1027 3188 1156 3254 temperas
1166 3195 1233 3237 tom.
1246 3194 1270 3233 r.
1282 3201 1308 3250 p.
1328 3191 1350 3234 t.
1363 3181 1380 3235 l.
1396 3191 1440 3232 ιι.
1449 3187 1476 3232 et
1494 3195 1529 3232 ex
1547 3197 1579 3232 eo
1597 3178 1672 3231 Grae
1685 3176 1712 3230 d.
1723 3177 1850 3247 praeseri.

154 3251 213 3306 sim.
236 3253 327 3324 ruffi
347 3257 374 3310 d.
394 3275 470 3312 must.
488 3270 514 3313 es
537 3261 637 3316 honor.
655 3272 706 3316 tot·
729 3264 769 3316 tit.
794 3265 978 3339 e.urda'gnis.
1027 3271 1044 3323 l.
1062 3284 1116 3324 με,
1134 3283 1197 3324 s.n.
1212 3285 1236 3324 a.
1256 3265 1316 3320 Peri
1335 3265 1438 3318 ratione
1451 3263 1555 3316 eumad
1571 3263 1725 3317 instantiam
1745 3264 1850 3334 Philip·
1888 3268 1917 3306 ³¹

155 3334 216 3388 ord·
235 3354 304 3392 sero.
325 3359 348 3394 e.
366 3343 475 3396 solt'tae.
496 3363 525 3398 a.
542 3343 569 3398 d.
588 3347 688 3417 major.
705 3357 732 3400 et
749 3347 825 3402 obed.
842 3368 865 3405 e.
885 3361 915 3404 ul
931 3353 978 3406 de·
1026 3357 1056 3426 pi
1075 3357 1110 3408 11.
1128 3354 1198 3423 regis
1216 3351 1410 3422 Hispaniarum
1429 3349 1633 3402 maximilianus
1653 3349 1688 3400 ll.
1706 3351 1850 3420 imperator

155 3421 233 3474 bitus.
245 3441 277 3476 a.
291 3423 317 3477 d.
337 3427 464 3497 appellet.
482 3447 504 3482 e.
524 3448 570 3484 ea.
588 3449 643 3484 ore.
663 3449 694 3484 a.
710 3433 735 3485 d.
752 3433 844 3500 prti’il.
859 3435 976 3504 injurius
1026 3441 1054 3492 in
1074 3441 1132 3494 aule
1150 3455 1195 3492 stra
1215 3436 1304 3490 Caroli
1322 3434 1371 3487 tx,
1387 3431 1491 3486 Gellius
1506 3432 1680 3503 regislegetis
1691 3433 1849 3502 praeceden-

155 3509 244 3576 ntiqne
264 3508 293 3561 in
314 3525 343 3563 se
360 3509 446 3578 lor-et,
465 3513 512 3584 qui
533 3515 685 3586 posthabita
711 3515 855 3586 dignitatis
873 3520 976 3574 ratione
1027 3525 1091 3578 tiam
1111 3524 1279 3592 denegasset,
1305 3519 1371 3572 bane
1397 3516 1530 3586 insignem
1549 3517 1679 3584 injuriam
1697 3518 1732 3569 ad
1751 3517 1850 3572 bellum

109 3611 116 3621 ·
154 3591 234 3644 alteri
254 3593 350 3649 cedere
370 3597 464 3660 rellet,
485 3607 512 3652 et
531 3609 604 3653 certe
623 3601 699 3654 multi
719 3601 748 3653 in
768 3603 882 3671 imperio
900 3621 976 3676 repe·
1025 3610 1148 3680 Hispano
1164 3604 1336 3659 inserendum
1353 3597 1533 3656 sufficientem
1553 3618 1625 3666 esse,
1644 3601 1747 3657 Gallina
1764 3603 1849 3658 ιὼηὶ.

153 3676 277 3742 riuntnr,
297 3679 344 3748 qui
364 3698 417 3733 uon
439 3699 454 3735 a
482 3684 621 3754 superbia,
641 3686 689 3739 sed
712 3703 727 3738 e
750 3685 852 3756 pudore
872 3687 976 3744 incitati
1027 3695 1107 3748 relius
1125 3691 1244 3746 Colinius
1257 3690 1311 3761 regi
1325 3705 1374 3742 suo
1384 3685 1543 3758 persuadere
1560 3687 1711 3753 conabatur,
1725 3691 1851 3748 Tbuantss

154 3776 216 3813 sese
239 3774 398 3833 opponunt,
418 3775 445 3820 et
468 3767 592 3822 cederent
616 3768 704 3836 forte,
729 3772 753 3822 si
777 3772 893 3843 speeiem
916 3789 978 3828 suae
1026 3777 1043 3830 l.
1059 3789 1099 3830 ss.
1113 3786 1139 3830 et
1154 3771 1410 3828 ts.ltister.eitatus
1433 3789 1452 3824 u
1476 3771 1600 3842 Carpeor.
1622 3772 1690 3828 adl.
1704 3791 1790 3844 rege,
1810 3789 1849 3832 to.

155 3847 286 3900 cessionis
304 3847 447 3914 haberent,
467 3851 512 3904 ubi
532 3854 607 3906 enim
625 3853 722 3925 aliquis
742 3866 893 3926 praetextus
913 3874 976 3928 sup·
1027 3871 1089 3918 sect.
1104 3872 1127 3914 t.
1141 3879 1168 3912 n.
1183 3870 1223 3912 ss.
1235 3857 1296 3911 add.
1314 3856 1403 3912 Limn-
1414 3853 1597 3929 cljrnepulsl.
1615 3857 1633 3908 l.
1647 3866 1671 3910 t.
1691 3878 1715 3912 e.
1728 3871 1752 3914 s.
1765 3880 1794 3914 a.
1807 3875 1850 3918 st.

156 3929 241 3997 petit,
255 3928 333 3985 lacile
351 3933 423 3986 inter
441 3937 559 4004 aequales
577 3938 723 3992 eminentia
741 3939 927 4011 permittitur,
939 3945 976 3997 nti
1026 3966 1096 4019 seqq.
1120 3943 1335 4000 Controrersiam
1353 3961 1438 4014 qttnq;
1464 3941 1531 3994 beno
1549 3941 1680 4010 singulari
1697 3947 1850 4015 quaestione

156 4031 190 4065 es
212 4015 328 4084 Virgilio
346 4017 459 4071 itlalreai
479 4031 511 4072 tr.
524 4022 552 4074 d.
560 4021 684 4093 principe
702 4025 819 4094 loquitur
837 4025 930 4078 Arum.
949 4027 975 4079 d.
1029 4033 1117 4104 tetigit
1136 4027 1263 4084 Hermae.
1282 4029 1395 4080 Hermes
1415 4026 1444 4078 in
1453 4024 1617 4099 Jisreie.jur.
1628 4029 1691 4099 pub.
1708 4041 1749 4081 ar.
1762 4049 1789 4084 a.
1808 4045 1850 4085 tt.

157 4099 252 4152 comis.
267 4119 289 4153 e.
306 4113 329 4154 t.
342 4121 370 4156 n·
392 4113 432 4155 tt.
452 4105 483 4156 ln
502 4105 656 4178 principum
678 4125 740 4177 ergo
758 4111 920 4164 sessionibus
937 4128 977 4164 se·
1026 4117 1069 4172 cui
1089 4114 1148 4169 add.
1169 4115 1260 4166 beorn.
1273 4121 1307 4164 tr.
1319 4110 1344 4166 d.
1360 4113 1460 4164 Gemit.
1478 4127 1537 4182 cop.
1552 4122 1614 4164 t.n.
1631 4125 1692 4167 too.

153 4184 210 4236 ries
230 4184 335 4255 publiea
356 4187 484 4241 turbanda
503 4207 554 4242 nou
575 4200 633 4254 est,
653 4193 670 4242 Ι.
695 4193 743 4246 ule.
769 4211 793 4247 e.
818 4196 846 4248 d.
866 4195 977 4265 primic.
1062 4198 1289 4274 Quemadmodum
1307 4189 1552 4268 extrairuperinm,
1567 4197 1606 4250 ita
1622 4197 1709 4252 simili
1729 4201 1808 4254 modo
1821 4202 1851 4254 ise

154 4263 234 4319 Unde
261 4268 374 4323 minima
400 4287 461 4324 eum
485 4272 541 4325 illis
566 4273 733 4341 laciendum,
750 4277 798 4344 qui
820 4277 976 4335 christianis
1027 4287 1143 4358 irnperio
1161 4293 1250 4338 nostro
1266 4284 1330 4336 lites
1351 4291 1379 4335 et
1401 4281 1598 4336 ctsntrorersiee
1622 4280 1659 4336 de
1679 4283 1799 4336 sessione
1824 4296 1851 4342 et
1878 4307 1885 4310 ·

154 4351 328 4423 principibus
346 4364 373 4407 et
391 4357 561 4426 magnatibus
578 4359 707 4414 sessionis
731 4363 916 4431 quaestionem
934 4365 977 4418 in·
1026 4369 1209 4448 praesedentia
1227 4376 1288 4421 sunt
1306 4362 1437 4431 infinitae,
1451 4377 1504 4422 tem
1516 4365 1586 4418 iotet·
1598 4366 1758 4436 tegrrosoon
1772 4386 1847 4438 prae·

154 4437 266 4506 dignans
277 4454 333 4492 esse
346 4450 654 4513 esserunt,qunmqoam
668 4443 741 4496 euim
754 4444 798 4496 illi
810 4445 839 4497 in
857 4447 975 4500 medinm
1027 4457 1263 4524 ,ennumquam
1280 4451 1352 4506 inter
1371 4451 1445 4522 ipsas
1462 4448 1623 4520 principes,
1647 4449 1670 4502 si
1697 4465 1849 4521 praesentes

156 4519 294 4589 proferant
311 4519 377 4572 illud
402 4524 539 4577 salvatoris
566 4527 670 4579 nostri:
695 4528 743 4597 qui
769 4544 796 4581 se
813 4531 913 4586 exaltat
929 4532 978 4586 bn·
1026 4542 1120 4598 ..letne
1139 4541 1171 4594 In
1189 4535 1299 4608 collegio
1315 4533 1424 4608 quidem
1440 4536 1607 4596 electorem,
1628 4534 1709 4588 mab
1727 4537 1779 4589 itte.
1792 4538 1847 4592 ini-
1885 4559 1916 4600 aa

156 4601 320 4669 miliabitur,
340 4613 367 4658 et
384 4609 429 4676 qui
447 4624 477 4660 se
501 4609 626 4664 humiliat
648 4611 825 4683 exaltabitur,
842 4616 911 4671 lue.
936 4627 975 4673 te
1027 4611 1094 4680 tium
1113 4622 1177 4688 bat,
1193 4641 1210 4674 s
1225 4620 1319 4676 Cerolo
1330 4620 1377 4673 IV·
1389 4625 1461 4672 serie
1470 4615 1579 4672 sedendi
1599 4615 1667 4672 ratio
1685 4617 1739 4672 luit
1759 4620 1845 4676 det„-

154 4709 178 4743 ο.
196 4699 236 4740 ts.
250 4689 348 4744 Mutela.
369 4709 392 4744 c.
411 4704 452 4745 so.
473 4701 500 4746 et
518 4694 597 4748 serbe
619 4695 764 4766 theologica
781 4698 891 4755 Laetant
909 4702 939 4755 in
958 4705 975 4756 l.
1026 4711 1126 4763 minata
1143 4716 1171 4760 et
1187 4704 1352 4776 praescripta
1367 4703 1397 4755 in
1414 4711 1513 4754 c.s.et
1525 4710 1548 4752 t.
1561 4695 1620 4756 aue·
1640 4701 1701 4759 tae.
1719 4721 1785 4774 quae
1798 4707 1844 4758 etl-

157 4788 180 4826 s.
201 4792 224 4827 c.
246 4783 289 4827 ts.
309 4775 374 4828 Item
392 4774 471 4829 rerba
497 4778 597 4831 ethnici
625 4781 760 4847 Chilonis,
780 4786 886 4857 Aesopo
900 4805 977 4859 quae·
1025 4793 1078 4846 bne
1094 4792 1261 4855 obsecrator,
1274 4787 1328 4840 nisi
1341 4785 1410 4856 quod
1426 4785 1578 4842 introducto
1595 4798 1688 4844 oetam
1703 4793 1849 4850 electorem

158 4865 224 4913 renti
236 4859 387 4934 ,quidnam
406 4862 513 4934 Jupiter
525 4863 634 4934 ageret?
648 4872 849 4940 respondentis:
863 4873 914 4926 alta
928 4875 976 4928 liu·
1023 4894 1072 4947 ρον
1083 4877 1160 4930 inser.
1169 4891 1228 4945 pue.
1241 4881 1296 4925 ert.
1308 4882 1337 4926 t.
1347 4870 1451 4925 ratione
1468 4869 1547 4940 insius
1564 4875 1692 4930 nonnulle
1702 4875 1775 4940 'saint
1784 4879 1845 4943 ¹im·

74 4981 110 5020 2,
159 4945 262 5012 miliat,
283 4947 395 5001 humilia
414 4951 593 5004 reroesaltat.
612 4953 685 5006 Haec
704 4971 781 5020 rero,
799 4967 906 5028 etquee
924 4959 977 5014 elia
1026 4969 1134 5013 scutata
1154 4956 1241 5011 Hodie
1259 4957 1344 5026 igitur
1362 4955 1533 5026 moguntinus
1550 4957 1671 5026 primum
1698 4960 1783 5016 heum
1802 4983 1846 5018 aa·

159 5030 187 5082 in
206 5031 275 5085 hanc
292 5043 397 5104 partem
422 5035 519 5088 adduci
543 5038 660 5108 amplius
682 5049 809 5110 possunt,
833 5045 978 5102 ostendunt
1025 5053 1119 5116 capara
1135 5061 1152 5094 s
1169 5041 1288 5096 dexteris
1303 5039 1487 5112 imperatorie,
1505 5039 1550 5094 eui
1565 5042 1667 5100 assidet
1682 5047 1778 5104 eleetos
1794 5047 1845 5104 Β..

155 5119 280 5188 quidem,
299 5138 343 5174 eos
361 5125 479 5192 grariter
503 5140 607 5190 errare,
625 5123 673 5194 qui
694 5125 844 5180 indebitum
862 5129 916 5182 sibi
933 5147 976 5185 sn-
1026 5129 1113 5184 eseiae
1129 5136 1158 5178 et
1175 5127 1271 5180 eleetor
1289 5123 1437 5178 brandenb.
1454 5147 1469 5180 a
1489 5127 1599 5182 sinistro
1618 5129 1790 5203 imperatoria
1810 5137 1846 5190 ι..

159 5214 237 5257 munt
255 5206 358 5270 locum,
375 5223 441 5280 qtaos
459 5211 594 5279 apostolus
615 5210 699 5262 etiem
717 5209 749 5262 ad
770 5211 889 5284 Plsilipp.
907 5224 931 5267 ι.
951 5231 974 5270 a.
1027 5221 1083 5266 tere
1098 5207 1279 5274 ooloiticnsis„
1291 5225 1371 5273 saxo,
1386 5209 1536 5280 palatinus,
1550 5221 1578 5266 et
1595 5229 1611 5264 e
1626 5212 1847 5274 diametrpootto.

76 5335 116 5376 ²3
161 5304 185 5344 s.
203 5291 385 5363 reprehendit.
406 5293 438 5348 it
459 5296 505 5366 qui
532 5313 608 5349 sunm
635 5295 689 5349 sibi
715 5297 804 5352 Ιοιιιω
820 5315 976 5354 manerem
1025 5306 1100 5352 catttr
1117 5294 1390 5360 trevirensis,itaut
1408 5293 1566 5364 imperatori
1592 5292 1686 5350 iacism
1707 5302 1847 5372 porrigat,

158 5374 249 5445 eupit,
262 5376 409 5432 christiano
428 5379 538 5434 bomine
556 5397 609 5434 noo
624 5381 885 5452 miamindignum,
896 5403 974 5455 quam
1024 5380 1062 5434 eti
1081 5376 1167 5433 rideri
1185 5384 1227 5432 est
1242 5391 1275 5431 ex
1292 5377 1486 5448 ichnographia
1507 5379 1678 5435 comitiorum
1696 5383 1796 5439 imerta
1812 5389 1846 5442 ab

159 5459 205 5510 ubi
226 5473 268 5512 res
286 5476 346 5514 suas
365 5461 419 5514 sibi
437 5465 570 5518 adsertam
590 5466 876 5536 expetit,agit,unde
893 5471 973 5524 etls·
1026 5465 1120 5516 Herm.
1139 5464 1252 5514 Hermes
1269 5457 1402 5528 injurato.
1408 5461 1467 5532 jun
1478 5463 1553 5534 publ.
1566 5481 1587 5518 e.
1602 5476 1647 5522 to.
1662 5470 1720 5522 linc
1733 5483 1793 5524 reto
1807 5472 1844 5528 ita
1883 5485 1914 5528 ee

155 5545 261 5614 gilimis
281 5545 409 5601 remediis
428 5558 480 5603 men
506 5567 771 5620 recuperare,qnam
797 5553 916 5607 retinere
932 5557 975 5624 jus
1023 5549 1194 5612 observatur,
1212 5546 1235 5600 si
1252 5545 1377 5598 electores
1393 5562 1485 5600 oannes
1503 5549 1556 5618 ipsi
1576 5563 1731 5621 praesentes
1745 5553 1849 5624 edsius,

157 5631 207 5684 boe
226 5647 300 5685 suunt
321 5633 434 5704 poterit,
448 5633 545 5705 dequo
561 5635 616 5686 rid.
629 5637 804 5691 Hermerotis
820 5638 972 5694 Hermesin
1005 5631 1048 5691 ,et
1072 5649 1137 5686 rero
1152 5630 1238 5702 aliqui
1260 5637 1409 5704 praesentes
1432 5647 1495 5685 snm
1515 5631 1665 5692 msenfinm
1686 5654 1848 5699 conruerunt

149 5715 252 5785 fascic.
259 5718 319 5791 jur.
327 5719 401 5790 publ.
415 5736 438 5773 e.
450 5728 493 5772 te.
512 5735 538 5772 a.
560 5731 599 5772 ιο,
620 5722 677 5774 [mo
687 5724 751 5774 haee
767 5725 901 5778 contentio
914 5741 974 5778 earu
1025 5717 1132 5788 legetis,
1150 5733 1194 5770 res
1212 5715 1289 5770 aliter
1301 5731 1329 5768 se
1343 5715 1433 5778 laebet,
1453 5716 1677 5793 brandenburgici
1695 5723 1846 5796 quidemst

158 5801 313 5871 ereaieute,
331 5803 404 5875 qnod
425 5803 495 5858 nibil
513 5813 607 5860 contra
626 5809 686 5875 itera
704 5803 768 5877 liat,
787 5807 847 5862 sitae
865 5809 975 5864 morte
1023 5801 1141 5876 palatini
1154 5803 1243 5858 iteum
1258 5799 1447 5874 principalium
1464 5817 1574 5860 suorum
1589 5807 1717 5878 reduett,
1736 5809 1799 5880 tretis¹
1816 5809 1850 5866 ts
