4476 6274
265 264 317 322 666

148 371 181 415 12
221 363 256 418 de
267 361 319 433 262.
335 379 409 433 proc.
427 381 497 419 coes.
508 363 551 420 Ob
567 365 688 420 eamdem
702 367 831 420 rationem
847 383 896 420 nec
917 366 1039 420 remissio

219 447 344 518 pignoris
363 451 489 504 ministro
509 452 611 506 indulta
631 453 749 518 ridetur,
763 453 780 506 i.
795 465 818 506 2.
837 451 860 525 5.
879 464 900 506 t.
908 451 951 522 ff
965 453 1037 526 6626.

223 533 295 589 mod.
313 531 390 604 pigra.
406 537 475 590 2612.
500 553 550 593 nee
565 539 753 608 acceptilatio,
771 541 790 592 1.
814 553 837 592 2.
847 538 889 608 ffi
909 540 943 594 62
961 558 1036 596 uece-

148 621 181 662 12
219 619 310 687 621161.
330 620 528 677 liesuunarandi
547 635 634 678 tamen
653 627 734 694 gratia
754 624 900 681 officialem
920 628 961 682 222
986 631 1036 684 rei·

223 701 295 772 publ.
314 703 512 758 Procuratorem
539 706 638 763 donare
662 727 749 780 posse,
773 711 853 764 tradit
875 713 937 766 2612.
956 713 1035 767 (1222.

220 789 253 842 sie
271 786 370 842 2262262.
389 802 554 846 2626266262.
573 813 601 845 6.
621 805 663 848 22.
680 795 779 866 quippe
798 796 1037 852 suberstlsicobli·

215 870 288 940 gatio
313 871 388 925 tacite
412 871 444 922 ad
470 875 714 945 compensationem
740 879 978 946 benemeritorum,
1007 892 1037 936 ut

214 955 279 1010 iude
299 955 343 1010 bic
361 973 435 1008 casus
460 958 508 1010 sub
527 961 663 1031 simplicis
681 962 833 1017 donationis
851 966 1037 1034 prohibitione

217 1059 271 1096 non
290 1040 386 1094 eeuiat.
405 1043 487 1096 blodo
511 1052 597 1098 tamen
624 1047 714 1100 merita
740 1047 817 1116 bssjus
841 1050 946 1118 generis
964 1051 1035 1118 siut,

217 1137 246 1180 ut
264 1143 354 1182 eorum
380 1125 599 1195 dijudicationem
624 1131 677 1184 sibi
696 1149 819 1202 arrogare
843 1135 929 1205 possit
953 1136 1036 1188 mini·

214 1223 279 1264 2122.

144 1316 177 1357 ss
253 1296 458 1350 Transactiones
481 1293 643 1351 officialium
668 1299 738 1369 quod
762 1305 914 1369 concernit,
932 1322 966 1359 ex
983 1307 1035 1375 jam

219 1379 298 1434 dictis
320 1381 378 1450 capi
398 1389 486 1452 potest
504 1381 622 1446 decisio,
640 1399 682 1436 eas
701 1387 858 1454 regulariter
877 1407 934 1442 esse
953 1392 1035 1445 illici·

219 1473 275 1528 tos,
295 1463 322 1516 6.
347 1466 366 1518 1.
383 1478 404 1518 1.
421 1482 464 1533 pr·
472 1462 514 1532 ff.
532 1467 566 1521 de
584 1466 634 1536 effi
649 1487 725 1538 proc.
744 1487 815 1524 6622.
827 1473 905 1542 Quod
924 1477 1034 1532 sienim

218 1545 355 1617 principis
373 1548 430 1614 jura
449 1547 566 1616 liquida,
586 1563 614 1605 et
631 1550 759 1606 officialis
777 1557 891 1624 speciali
911 1560 1036 1616 mandato

212 1628 358 1686 destitutus
377 1636 425 1701 ait,
446 1641 594 1708 transigere
621 1655 673 1692 uon
700 1639 814 1705 valebit,
834 1643 872 1694 rel
892 1642 917 1694 si
937 1661 1035 1699 transe-

213 1715 300 1784 gerit,
319 1718 427 1789 penitus
445 1722 496 1777 1266
516 1723 634 1794 principi
653 1739 707 1776 nou
725 1723 854 1790 obstabit,
869 1747 930 1782 cuns
950 1733 1035 1786 ambi·

216 1799 283 1852 tioaa
307 1803 438 1870 ejusmodi
464 1809 607 1862 transactio
630 1808 719 1872 sit,1.
742 1827 858 1876 prere-ses.
887 1824 927 1866 12.
951 1835 974 1868 6.
1003 1819 1036 1872 de

215 1892 351 1940 tronrort.
370 1889 442 1942 6662.
461 1889 584 1946 22266162.
603 1894 637 1946 de
655 1893 783 1946 ratiocin.
800 1911 823 1946 c.
839 1905 882 1946 tt.
894 1915 923 1949 rs.
943 1911 967 1951 2.
979 1901 1035 1953 Go-

143 2001 176 2042 45
215 1983 281 2020 mes.
302 1970 600 2028 vortamesotmmom.
622 1989 640 2028 t.
661 1994 683 2028 c.
706 1989 729 2028 t.
748 1996 778 2030 6.
798 1991 822 2030 e.
843 1980 871 2032 26
881 1981 940 2050 fin.
957 1985 1034 2054 Quod

215 2049 237 2102 si
257 2061 343 2106 tamen
363 2057 487 2128 princepe
512 2077 570 2112 eam
596 2060 775 2116 nibilominus
802 2067 981 2133 ratihaberet,
1000 2085 1033 2123 22

212 2137 353 2194 2612222612
367 2143 556 2198 ratihabitione
569 2148 682 2202 22162626
700 2161 914 2220 consequeretur,
927 2153 945 2204 1.
957 2171 1034 2206 6266-

143 2245 179 2287 4,
219 2218 284 2275 doto
300 2227 434 2294 generali·
451 2239 492 2279 26.
502 2225 544 2294 ff·
557 2228 591 2282 de
603 2246 745 2298 procurat.
758 2235 835 2310 Qaaod
848 2235 871 2286 si
883 2251 944 2288 2226
957 2255 1034 2290 cauea

219 2307 408 2362 transactionis
433 2309 470 2362 sit
496 2311 637 2384 illiquida‚
661 2325 689 2366 et
715 2319 857 2369 transactio
884 2322 976 2373 tendat
1000 2325 1033 2374 ad

217 2391 445 2446 conversationem
465 2396 563 2462 jurium
584 2398 733 2469 principis,
753 2407 1034 2472 66162226,262612126

216 2473 242 2529 ri
262 2473 326 2528 dicti
345 2479 478 2544 generalis
497 2482 616 2535 mandati
636 2500 692 2536 eam
710 2486 870 2555 permissam
890 2503 963 2553 esse,
976 2507 1034 2560 urg.

215 2557 242 2612 6.
261 2560 279 2611 1.
297 2577 417 2632 praeses·
439 2574 480 2618 12.
498 2567 622 2620 Menoeis.
640 2570 738 2624 consil.
766 2583 827 2624 221.
853 2589 881 2623 rs.
902 2584 945 2625 22.
963 2591 1032 2644 seqq.

219 2645 278 2698 Tali
299 2647 371 2700 enim
390 2664 451 2702 casu
474 2659 502 2706 et
521 2651 574 2724 ipsi
600 2656 711 2709 vassallo
737 2654 770 2708 de
788 2655 870 2712 fendo
889 2659 1035 2728 transigere

147 2743 183 2787 21
222 2729 331 2797 12221222,
351 2732 397 2785 sin.
418 2735 505 2788 Praes.
524 2740 710 2808 exumflsnd.
727 2751 805 2794 6.12.
824 2761 869 2813 prs.
891 2755 930 2797 17.
949 2743 984 2798 Et
996 2745 1033 2800 212

217 2833 271 2870 666
289 2816 402 2873 obstabit
421 2819 446 2872 22
466 2821 483 2872 1.
508 2833 529 2872 1.
538 2820 582 2891 ff.
597 2825 628 2877 da
646 2823 696 2892 off
707 2841 780 2894 proc.
793 2843 864 2881 cuer.
883 2827 928 2882 ubi
949 2828 1031 2884 facul·

214 2911 256 2956 tas
269 2903 435 2972 transigendi
455 2907 620 2975 procuratori
635 2909 755 2964 Caesaris
767 2910 910 2978 adimitur,
923 2916 967 2966 eui
978 2913 1033 2968 sui-

213 2985 332 3056 lrsgstur
349 2989 368 3040 1.
394 2993 434 3042 ’12.
443 2987 486 3058 ff
504 2989 538 3046 de
556 3002 689 3048 22662662.
717 2995 762 3048 6122
782 2995 946 3068 simplicitet·
964 2999 1031 3054 dici-

213 3080 265 3136 tur,
277 3086 460 3144 procuratores
475 3079 627 3152 principum
643 3082 794 3137 inconsulto
806 3085 929 3156 principe
944 3097 1029 3143 trans·

213 3157 285 3228 igere
310 3177 362 3214 non
389 3180 480 3231 posses
507 3183 568 3219 nans
594 3167 616 3219 si
641 3169 683 3235 jus
707 3169 841 3238 principis
868 3169 977 3224 dubium
1005 3183 1031 3228 et

218 3243 388 3313 transigendo
415 3247 485 3300 nihil
511 3250 540 3302 in
566 3251 677 3304 alterum
700 3254 888 3318 transferatur,
915 3257 960 3308 sed
988 3274 1032 3312 res

213 3329 350 3400 principis
368 3346 565 3398 conseri-entur,
583 3337 624 3390 nil
643 3337 761 3392 obstabit
781 3341 949 3394 transactioni
969 3361 1032 3412 pro-

214 3417 352 3470 curatoris.
379 3415 408 3470 ln
436 3421 524 3488 specie
550 3419 583 3473 de
605 3433 739 3476 contracto
763 3419 847 3476 liscali
873 3423 926 3479 sid.
954 3428 1032 3481 Pere-

215 3499 289 3568 grin·
308 3500 341 3554 de
355 3500 490 3572 jurefisc.
509 3504 555 3556 126.
575 3517 600 3558 s.
619 3507 660 3560 tit.
679 3522 704 3562 s·
723 3526 751 3560 rs.
772 3522 795 3564 2.
813 3527 868 3579 seq.

250 3583 330 3639 Facta
349 3577 476 3641 oiiscialis
496 3599 570 3642 extra
587 3589 674 3644 626621
700 3595 888 3648 necessitatem
910 3604 1029 3666 suscepta

214 3667 255 3719 sel
274 3669 414 3741 expedita,
434 3673 508 3726 nullo
524 3675 592 3742 juris
610 3685 753 3745 praetextu
772 3679 922 3750 principem
936 3695 968 3732 er
983 3682 1032 3736 boc

216 3750 305 3822 capite
323 3753 456 3822 stringere
474 3767 603 3827 possunt,
622 3761 692 3829 quod
712 3762 745 3814 ab
762 3761 876 3816 officiali
892 3763 1032 3836 ipsiusge·

220 3845 268 3890 sta.
287 3837 396 3910 Quippe
413 3837 538 3896 officialis
555 3841 642 3898 officii
655 3846 758 3900 limites
776 3852 907 3904 excedens
926 3851 953 3906 in
975 3855 1030 3925 pri·

217 3931 336 3974 satorum
358 3933 454 3978 sortem
477 3927 587 3992 transit,
606 3929 688 3994 adeo,
706 3943 734 3986 ut
757 3932 810 4004 ipsi
835 3937 925 3990 resisti
952 3955 1029 4008 posse

212 4005 370 4071 concedant,
388 4007 413 4059 si
431 4010 544 4062 ulterius
555 4028 725 4082 progressus,
740 4015 839 4071 Barlol.
851 4021 905 4072 ool.
918 4029 942 4071 2.
955 4039 1030 4078 conr.

215 4100 259 4142 12.
277 4109 303 4142 n.
325 4105 349 4146 s.
369 4093 539 4164 Quapropter
558 4097 685 4151 12116226
703 4117 757 4153 6622
776 4105 860 4171 major
880 4105 933 4175 ipsi
955 4108 1028 4178 priu-

214 4175 302 4246 cipem
320 4176 456 4246 obligandi
477 4190 590 4250 poterin
607 4194 741 4250 remanet,
754 4204 832 4256 qnam
852 4192 956 4260 prirato
973 4193 1029 4246 cui·

216 4275 337 4329 cumque.
357 4261 508 4316 Videndum
528 4281 606 4333 ergo,
621 4283 655 4317 an
674 4270 811 4336 negotium
830 4273 899 4324 circa
920 4277 1026 4329 manda·

215 4356 268 4398 tum
289 4354 392 4415 gestum
412 4349 440 4399 iu
459 4349 604 4400 utilitatem
624 4349 772 4424 principis,
786 4355 825 4406 rel
844 4356 959 4427 reipubl.
972 4372 1026 4414 teu·

213 4429 274 4495 dat,
293 4451 325 4486 sn
345 4431 439 4489 secus?
463 4435 512 4486 lllo
531 4451 590 4487 casn
600 4474 607 4500 ,
618 4453 677 4488 cum
695 4439 776 4493 liceat
789 4439 871 4495 etiam
883 4444 942 4496 sine
954 4463 1027 4498 ruan-

212 4513 274 4570 (1216
291 4517 401 4570 21222262
420 4533 523 4572 cansam
543 4519 682 4573 meliorem
703 4523 831 4590 reddere,
846 4526 864 4576 1.
883 4528 1027 4586 solvendo.

213 4609 255 4650 22.
264 4596 307 4668 ff.
318 4601 351 4652 cie
370 4610 457 4669 negot.
475 4612 539 4671 gest.
557 4603 629 4672 qnod
642 4621 719 4660 serso
731 4625 835 4677 qnoque
852 4610 1026 4684 permissum,

213 4684 230 4735 l.
252 4697 293 4737 22.
303 4685 346 4754 ff.
365 4686 454 4756 depos.
473 4689 490 4740 1.
515 4700 571 4741 tas.
582 4689 625 4759 ff.
643 4692 676 4744 62
694 4707 717 4744 2.
736 4694 754 4744 2.
775 4695 903 4767 Princeps
920 4698 949 4751 ia
969 4709 1026 4756 tan·

218 4777 273 4820 tum
287 4768 465 4839 obligabitur,
480 4773 507 4824 in
525 4784 655 4845 qissutum
676 4778 767 4830 doceri
788 4790 884 4850 potest,
898 4785 954 4852 ejus
972 4789 1025 4840 uti·

213 4851 318 4906 litatem
338 4865 502 4923 promotam,
521 4858 539 4908 1.
565 4857 689 4912 uirilitas.
711 4873 750 4914 22.
759 4862 802 4931 ff.
825 4864 859 4916 de
877 4867 931 4920 reb.
952 4869 1024 4924 cred.

211 4937 251 4987 ael
271 4937 406 5005 negotium
427 4941 464 4990 ita
484 4950 586 5010 gestum
605 4941 638 4993 ab
656 4960 688 4996 eo
706 4946 842 5014 probatum
862 4966 935 5017 esse,
954 4953 1023 5006 ntea.

209 5037 237 5090 p.
257 5032 282 5070 2.
299 5021 381 5074 decis.
402 5032 461 5076 212.
480 5041 506 5075 n.
530 5036 570 5079 12.
588 5042 659 5097 seqq.
678 5045 802 5096 qstorsnm
823 5031 876 5083 alia
893 5031 927 5085 de
946 5051 1024 5106 nego·

211 5105 307 5156 tiorum
325 5105 446 5175 gestione
464 5117 491 5161 62
508 5111 629 5164 versione
647 5111 676 5163 iu
691 5111 836 5166 utilitatem
849 5113 1022 5187 disponentis

210 5188 283 5252 jura,
302 5188 358 5240 uisi
377 5189 504 5243 breuitate
521 5193 674 5262 litaremus,
693 5197 726 5250 de
744 5196 816 5249 iacili
843 5211 953 5272 possent
974 5221 1022 5274 ap-

211 5271 313 5340 plicari.
332 5271 385 5325 Ubi
403 5275 516 5329 omnino
534 5277 695 5346 notandum,
715 5281 739 5332 22
763 5281 826 5337 facta
851 5285 918 5337 citra
940 5288 1017 5357 prin·

209 5355 277 5424 cipis
296 5355 451 5412 mandatum
470 5371 608 5432 suscepta,
621 5363 677 5415 sint
695 5363 836 5419 admodum
857 5369 1020 5439 periculosa,

209 5439 286 5505 adeo,
306 5452 333 5496 22
358 5453 467 5497 eventus
497 5444 574 5502 tacita
600 5445 629 5499 iu
654 5465 732 5516 grase
756 5451 870 5522 reipubl.
895 5451 1019 5510 damnum

209 5541 315 5591 tergere
339 5530 477 5596 potuisset,
497 5531 558 5582 licet
581 5529 652 5584 idem
680 5531 798 5586 feliciter
822 5537 943 5604 cesserit,
966 5557 1019 5592 oon

209 5625 345 5680 eapropter
364 5615 518 5671 ministrum
537 5633 594 5670 esse
612 5621 839 5686 excusaturn,se·l
851 5621 942 5692 potius
960 5626 1017 5677 nisi

764 268 812 322 DE
830 261 1074 322 onttntrtonts
1093 255 1272 318 nntnctnts
1289 267 1352 312 226.

1799 262 1851 318 666

1090 370 1187 428 porum
1206 347 1435 420 subjungendum,
1452 347 1499 422 qui
1524 366 1600 406 62222
1622 369 1685 408 6626
1710 356 1853 430 praecipue
1872 359 1903 414 in

1088 439 1191 492 malitis
1209 455 1237 490 se
1254 435 1366 502 offerat,
1385 435 1499 490 inierins
1516 436 1632 508 amplior
1648 441 1750 494 occasio
1763 441 1796 492 de
1809 444 1903 496 eodem

1088 521 1241 576 disserendi
1259 536 1287 574 se
1307 519 1452 574 exhibebit·
1628 519 1632 528 '

1125 606 1270 662 Posteriosi
1290 621 1366 670 casn,
1380 605 1403 658 si
1421 605 1450 658 iu
1470 603 1602 678 principis
1620 603 1815 677 reipublicssse
1833 610 1904 663 2216·
1939 641 1967 688 g,

1086 705 1137 750 tem
1157 692 1292 762 negotium
1311 690 1380 744 citra
1392 691 1542 744 mandatum
1561 699 1665 760 gestum
1684 709 1739 746 nou
1756 703 1858 762 aergst,
1871 711 1902 747 u·

1087 777 1248 847 uuusquisque
1266 773 1345 826 226212
1363 771 1490 839 adsentit,
1506 774 1605 828 nullam
1626 773 1689 828 inde
1701 775 1732 826 in
1751 776 1901 848 principem

1087 861 1234 916 redundare
1259 859 1472 924 obligationem,
1498 860 1598 930 quippe
1621 860 1669 929 qui
1692 861 1829 930 negotium
1853 877 1904 913 ues

1086 947 1238 1011 mandarit,
1256 960 1304 998 nec
1323 945 1493 998 commodum
1513 945 1577 996 inde
1602 945 1740 1014 percepit;
1760 945 1831 998 unde
1850 945 1905 996 ini·

1087 1035 1250 1104 quissimum
1265 1031 1350 1098 locet,
1361 1045 1393 1082 62
1404 1026 1474 1082 22616
1492 1028 1613 1081 ministri
1631 1045 1723 1098 cogere
1741 1031 1810 1082 aelle
1825 1031 1902 1100 priu-

1086 1120 1175 1188 clpem
1195 1116 1228 1171 sd
1246 1118 1303 1184 ejus
1327 1114 1539 1178 observantiam,
1558 1129 1615 1182 urg.
1639 1115 1659 1166 1.
1688 1113 1729 1166 22.
1739 1112 1782 1183 ff.
1805 1113 1896 1168 mund.

1087 1203 1188 1257 1221266
1214 1210 1331 1272 respectu
1357 1199 1501 1270 procedunt
1518 1198 1586 1266 juris
1611 1207 1716 1252 nostrae
1741 1199 1845 1267 rsgsdn
1864 1201 1897 1250 ab
1936 1213 1968 1258 ts

1086 1288 1168 1341 initio
1186 1288 1264 1356 hujus
1283 1287 1380 1355 capitis
1400 1303 1428 1336 6.
1449 1296 1474 1336 2.
1489 1298 1561 1352 seqq.
1579 1282 1637 1336 1666
1662 1283 1796 1336 rationum
1814 1281 1895 1336 dubi·

1087 1373 1160 1426 tandi
1179 1373 1319 1435 adductae,
1338 1385 1374 1423 26.
1393 1369 1531 1422 nemiuem
1548 1365 1634 1419 alieno
1652 1364 1719 1420 taoso
1736 1367 1900 1437 praegravari

1085 1456 1196 1520 debere,
1214 1467 1239 1510 et
1256 1455 1321 1508 hinc
1332 1470 1365 1507 ex
1380 1453 1465 1506 alieno
1483 1451 1552 1505 laeto
1564 1451 1678 1503 alterum
1696 1466 1750 1502 non
1767 1451 1899 1521 obligari,

1086 1541 1108 1594 si
1128 1540 1227 1592 lactum
1247 1557 1295 1593 aec
1315 1538 1465 1604 mandarit,
1484 1551 1533 1590 uec
1553 1533 1714 1599 ratihsboit,
1732 1552 1780 1590 nee
1798 1537 1900 1588 utilita-

1086 1635 1138 1678 tem
1163 1624 1228 1678 inde
1252 1624 1380 1694 percepit.
1400 1624 1474 1693 Quae
1497 1622 1589 1675 omnia
1606 1637 1665 1673 curn
1685 1621 1713 1670 in
1733 1623 1902 1691 prisstornns
1936 1625 1967 1679 22

1085 1727 1187 1781 qasoque
1206 1711 1321 1780 negotiis
1329 1701 1369 1759 ¹ita
1380 1707 1536 1771 obtineant,
1550 1705 1628 1775 longe
1639 1708 1734 1774 majori
1754 1705 1898 1757 rationein

1085 1798 1142 1850 cire
1161 1797 1311 1868 principem
1330 1791 1823 1866 61226626266266221262,626622661
1842 1805 1902 1860 spe·

1084 1885 1147 1937 ciali
1166 1881 1341 1952 subjectionis
1360 1879 1481 1936 6226221
1500 1875 1777 1950 principisoommoda
1798 1893 1902 1947 promo

1084 1968 1166 2022 sends
1183 1977 1212 2020 et
1229 1969 1324 2021 damna
1344 1965 1491 2022 amovenda
1508 1965 1657 2036 obligatur,
1674 1963 1743 2018 siout
1766 1962 1900 2032 homagio·

1085 2069 1143 2106 22262
1164 2053 1292 2108 formulae
1310 2063 1431 2107 testatum
1450 2051 1558 2106 iaciunt·

1120 2139 1213 2190 Restat
1225 2149 1251 2190 62
1261 2139 1352 2207 paucis
1364 2139 1531 2203 reciprocum
1545 2149 1711 2203 exponamus
1724 2149 1841 2200 nexum,
1853 2131 1901 2200 qul
1939 2139 1970 2182 ss

1085 2221 1204 2290 principi
1223 2237 1257 2272 ex
1276 2219 1397 2273 ministri
1411 2218 1454 2270 sni
1471 2227 1608 2270 contractu
1619 2220 1660 2271 221
1671 2215 1741 2270 22626
1751 2218 1901 2288 quaeritur,

1086 2301 1110 2353 si
1129 2302 1203 2354 euim
1223 2303 1348 2374 princeps
1374 2321 1408 2355 62
1426 2301 1494 2357 22616
1511 2297 1638 2354 officialis
1664 2299 1808 2354 2262262662
1827 2309 1901 2353 teno-

1085 2403 1142 2438 rem
1162 2388 1280 2442 mandati
1295 2397 1369 2458 gesto
1388 2388 1567 2458 obstringitur
1586 2383 1688 2438 aioauto
1702 2384 1816 2454 quodam
1833 2383 1901 2437 obli·

1084 2473 1202 2543 gatiouis
1227 2471 1260 2528 ad
1283 2475 1339 2542 ejus
1364 2473 1578 2536 observantiam,
1601 2467 1754 2541 quaeritur,
1777 2485 1810 2522 an
1841 2469 1900 2523 sice

1085 2575 1159 2613 rersa
1179 2561 1219 2626 is,
1237 2559 1361 2630 quicum
1381 2558 1506 2612 ministro
1526 2556 1625 2612 intuitu
1643 2551 1728 2610 ellicii
1747 2553 1899 2618 contraris,

1082 2645 1205 2718 principi
1224 2646 1253 2698 in
1273 2655 1373 2700 tantum
1391 2643 1524 2714 obligatus
1542 2643 1596 2708 sit,
1613 2651 1645 2696 ut
1667 2656 1746 2705 eum,
1763 2655 1817 2694 non
1836 2653 1898 2690 con·

1083 2741 1163 2784 sento
1181 2732 1257 2803 prius
1276 2731 1416 2796 ministro,
1436 2729 1535 2784 directa
1554 2731 1657 2783 satione
1674 2727 1779 2796 pulsare
1797 2717 1897 2794 possiti

1084 2813 1166 2884 Cujaas
1183 2815 1299 2886 qasaesiti
1325 2813 1448 2886 negativa
1467 2815 1495 2868 in
1520 2816 1635 2868 obscuro
1657 2828 1709 2864 uon
1738 2809 1805 2875 erit,
1824 2809 1846 2861 si
1867 2809 1895 2860 in
1935 2825 1966 2865 ss

1083 2897 1248 2952 consortium
1259 2917 1381 2956 nocemus
1398 2903 1457 2969 jura
1475 2899 1630 2951 institorum
1649 2899 1677 2950 et
1695 2901 1897 2968 procuratorum

1083 2985 1206 3056 superius
1224 2996 1318 3040 eontra
1336 2987 1505 3058 6226226262,
1519 2993 1549 3038 22
1566 2981 1739 3053 obligationis
1756 2977 1897 3042 66622662Ι

1083 3081 1170 3138 retur,
1189 3069 1311 3126 adducta.
1326 3071 1404 3142 Qarod
1422 3071 1495 3124 enim
1515 3070 1652 3125 institores
1669 3067 1782 3133 attinet,
1793 3075 1896 3118 certum
1936 3077 1968 3120 ss

1082 3169 1145 3224 est,
1164 3159 1310 3229 principali
1330 3167 1422 3211 eontra
1439 3158 1531 3224 illum,
1547 3159 1595 3228 qui
1619 3174 1681 3212 com
1699 3155 1825 3212 institere
1839 3171 1901 3208 666-

1085 3243 1182 3308 traxit,
1194 3245 1324 3298 actionem
1338 3260 1370 3295 ex
1389 3243 1437 3296 illo
1454 3255 1586 3298 contractu
1603 3259 1656 3297 non
1675 3241 1899 3312 competere,sed

1082 3327 1228 3397 principali
1247 3337 1339 3381 contra
1359 3328 1511 3382 institorem
1530 3330 1740 3400 experiundum,
1753 3331 1771 3381 t.
1788 3341 1811 3382 t.
1831 3345 1897 3384 6222.

1080 3409 1130 3464 266
1147 3409 1264 3479 uomffi
1284 3411 1489 3468 detonuere.
1516 3413 1591 3467 ldem
1617 3415 1646 3466 16
1669 3413 1831 3478 exercitare,
1851 3414 1895 3465 cui

1082 3495 1150 3548 actio
1170 3514 1224 3549 non
1243 3496 1320 3550 datur
1337 3509 1428 3551 contre
1445 3497 1597 3570 illurn,qui
1614 3515 1674 3552 cum
1693 3499 1816 3566 magistro
1833 3515 1897 3553 oona

1082 3581 1179 3646 traxit,
1198 3581 1217 3632 l.
1240 3593 1262 3634 t.
1281 3588 1302 3644 ς.
1324 3593 1365 3636 12.
1373 3581 1414 3654 ff
1433 3582 1468 3636 62
1484 3600 1573 3638 62222.
1600 3595 1651 3639 oct.
1670 3583 1753 3653 Cujus
1770 3584 1837 3638 ratio
1853 3584 1897 3640 de·
1934 3587 1966 3628 Η

1081 3665 1178 3737 pendet
1198 3683 1232 3721 ex
1250 3667 1269 3719 l.
1292 3677 1331 3720 tt.
1340 3666 1427 3736 fficla
1439 3685 1466 3722 6.
1485 3680 1551 3724 216.
1568 3669 1640 3739 qaod
1656 3668 1784 3739 obligatio
1801 3687 1835 3723 62
1847 3689 1896 3724 no-

1079 3763 1135 3807 stra
1154 3771 1268 3824 persona
1287 3755 1398 3808 initium
1417 3772 1520 3810 sumere
1538 3754 1712 3821 debeat,.nea
1730 3756 1814 3808 aaleat
1831 3773 1894 3808 con·

1079 3841 1184 3906 sentio,
1203 3851 1230 3895 62
1248 3842 1316 3894 21122
1334 3841 1508 3894 2666626262
1526 3850 1597 3893 reate
1614 3850 1680 3910 agat.
1692 3838 1768 3894 ldesu
1785 3840 1813 3892 in
1832 3859 1895 3912 pro·
1932 3848 1964 3888 ss

1077 3925 1244 3978 curatoribus
1261 3926 1384 3994 obtinet,
1401 3942 1460 3978 cum
1480 3941 1528 3996 622
1552 3923 1664 3978 liberam
1690 3939 1829 3996 personam
1848 3941 1895 3978 no·

1079 4009 1121 4063 bis
1139 4025 1191 4063 nou
1210 4019 1351 4081 quaeratur
1375 4011 1503 4080 obligatio
1510 4049 1519 4078 ,
1538 4011 1559 4064 l.
1581 4013 1710 4068 sotorum.
1738 4023 1777 4065 11.
1799 4018 1821 4074 ς.
1842 4028 1894 4081 per

1078 4095 1203 4150 liberum.
1224 4109 1247 4148 o.
1256 4095 1297 4166 ff.
1318 4094 1350 4149 ale
1366 4099 1480 4168 pigner.
1499 4107 1549 4151 oct.
1569 4096 1587 4150 1.
1610 4109 1631 4150 1.
1644 4111 1666 4150 2.
1676 4113 1727 4166 622
1742 4113 1811 4165 quos
1823 4111 1892 4164 pars.

1078 4180 1185 4236 2212166
1210 4197 1259 4234 neo
1277 4197 1323 4252 per
1347 4191 1564 4253 procuratorem,
1582 4181 1601 4235 1.
1621 4192 1663 4234 12.
1671 4179 1713 4252 ffi
1732 4179 1766 4232 62
1781 4195 1892 4250 proorsr.

1079 4277 1105 4318 nt
1124 4263 1188 4318 adeo
1207 4267 1344 4318 actionum
1363 4267 1483 4322 cessione
1502 4285 1570 4338 opus
1593 4267 1646 4330 sit,
1661 4284 1714 4336 qno
1731 4265 1892 4336 principalis

1077 4366 1109 4400 er
1129 4348 1200 4402 22616
1219 4353 1397 4421 procuratoris
1416 4369 1491 4421 egere
1509 4353 1608 4422 possit,
1622 4353 1641 4405 1.
1652 4349 1795 4414 2262122626.
1815 4360 1858 4403 12.
1870 4359 1892 4416 2.

1076 4435 1126 4486 ult.
1135 4432 1181 4503 ff.
1199 4437 1232 4488 de
1247 4437 1348 4507 666222.
1365 4453 1478 4507 possess.
1498 4436 1591 4488 Pacius
1610 4447 1680 4489 cens.
1697 4448 1719 4487 2.
1732 4436 1890 4504 2666226612.

1077 4537 1121 4587 pn.
1142 4531 1183 4572 26.
1204 4521 1273 4590 Quia
1291 4531 1378 4574 tamen
1397 4523 1425 4575 in
1443 4539 1521 4588 casu,
1545 4522 1568 4573 si
1587 4521 1700 4575 institor
1719 4524 1891 4577 2266261226-
1928 4537 1957 4577 22

1077 4603 1125 4665 do,
1139 4613 1167 4656 et
1185 4607 1302 4659 actiones
1320 4604 1389 4660 iorte
1405 4607 1440 4658 ob
1452 4605 1598 4660 abseutiam
1612 4606 1706 4660 cedere
1719 4625 1772 4672 666
1787 4610 1888 4677 possit,

1075 4705 1108 4740 ea
1130 4687 1328 4744 euidentissima
1350 4691 1480 4758 aequitate
1503 4690 1665 4746 succurritur
1697 4693 1893 4762 praeponenti,

1076 4789 1132 4824 rem
1153 4789 1224 4826 suam
1245 4773 1321 4828 a'liter
1340 4791 1514 4828 2222222666
1535 4776 1649 4840 salenti,
1662 4775 1751 4847 212622
1770 4785 1890 4829 entraor-

1077 4857 1182 4912 dinaria
1200 4857 1270 4910 actio
1289 4869 1378 4912 contra
1398 4859 1490 4924 illum,
1503 4859 1551 4930 qui
1565 4875 1623 4911 cnm
1638 4859 1765 4913 institere
1782 4871 1889 4914 eontrs·

1075 4939 1131 5004 xit,
1150 4941 1316 4996 conceditur.
1334 4943 1351 4994 2.
1374 4954 1395 4995 1.
1415 4942 1445 4995 ira
1454 4941 1514 5014 fin.
1529 4954 1555 4996 et
1572 4945 1590 4995 l.
1605 4955 1628 4994 2.
1630 4941 1671 5012 ff
1683 4945 1716 4998 de
1733 4956 1887 5000 26226661.
1955 4961 1961 4979 ·

1074 5024 1162 5077 116126.
1181 5028 1219 5080 66
1242 5027 1359 5081 Wesenb·
1377 5029 1408 5082 d..
1422 5037 1441 5080 2.
1460 5047 1488 5080 n.
1509 5038 1534 5079 1.
1548 5029 1601 5080 Dn.
1613 5029 1782 5082 bauterbseb.
1802 5029 1886 5101 udff.

1073 5109 1098 5160 d.
1118 5119 1138 5159 s.
1162 5109 1200 5162 tls.
1225 5123 1251 5170 2.
1270 5111 1309 5164 Ea
1334 5112 1515 5183 procuratoris
1536 5129 1639 5184 qumque
1662 5125 1796 5168 contractu
1814 5115 1884 5170 haud
1924 5137 1956 5179 26

1073 5195 1150 5264 62662
1172 5193 1216 5245 dd.
1234 5195 1343 5248 domino
1361 5196 1452 5250 utitem
1471 5196 1602 5248 actionem
1623 5198 1757 5264 tribuunt,
1769 5203 1886 5254 Wesen-

1072 5280 1129 5334 bec.
1137 5279 1180 5350 ff.
1198 5285 1233 5337 62
1248 5297 1359 5349 procur.
1379 5301 1407 5332 ra.
1429 5293 1452 5334 2.
1471 5282 1540 5352 quod
1557 5281 1668 5350 quidem
1688 5282 1815 5352 displicet
1835 5283 1886 5336 Ba-

1072 5364 1149 5417 chor.
1168 5364 1196 5418 in
1215 5375 1272 5418 not.
1291 5365 1329 5418 66
1345 5365 1370 5418 d.
1388 5363 1495 5417 lilerio
1516 5375 1601 5416 tamen
1615 5382 1675 5419 casu
1688 5365 1715 5416 id
1727 5367 1785 5418 sine
1803 5366 1885 5422 dubio

1071 5449 1206 5516 procedit,
1225 5456 1329 5518 utpote,
1349 5448 1373 5500 si
1394 5459 1547 5520 procurator
1567 5465 1600 5501 22
1626 5466 1656 5503 22
1675 5450 1780 5503 domiui
1799 5452 1884 5522 stipu.

1071 5532 1138 5586 letor
1157 5535 1198 5588 rel
1216 5533 1349 5604 62662222,
1369 5534 1416 5588 ulai
1436 5535 1490 5604 ipsi
1510 5551 1572 5588 mor
1597 5535 1735 5605 quaeritur
1760 5538 1845 5604 actio,
1865 5541 1883 5594 l.

1071 5634 1111 5674 62.
1122 5621 1163 5690 ff
1184 5623 1217 5675 62
1232 5633 1368 5693 procurat.
1386 5625 1476 5675 illane.
1495 5621 1527 5675 62
1543 5631 1683 5694 proctamet.
1702 5641 1729 5673 n.
1752 5633 1813 5675 221.
1833 5627 1882 5678 vat

208 5693 261 5748 alia
277 5700 364 5767 grauis
382 5715 457 5756 causa
483 5702 583 5756 saulam
604 5704 654 5776 ipsi
676 5705 869 5778 conciliatura,
891 5727 944 5764 nou
965 5711 1016 5764 lesi
1068 5707 1099 5761 ad
1121 5705 1281 5774 minimum,
1296 5708 1318 5762 si
1339 5723 1381 5761 res
1393 5706 1472 5772 sliter
1485 5707 1552 5760 salsa
1566 5721 1623 5772 esse
1636 5723 1689 5760 non
1700 5705 1805 5776 possit,
1817 5707 1881 5769 dsu-
