4396 6286
191 346 241 406 e,7
489 291 494 308 ’
598 329 647 384 an
668 327 913 386 suspensione
933 325 980 381 aa
999 327 1142 395 orricio
1160 327 1199 385 nr
1216 329 1370 389 ennena
1723 333 1772 410 19⁸

145 429 290 516 luerint3
314 427 368 496 rel
394 427 663 496 interdicendum
688 430 769 518 ipsis
791 426 832 493 ad
857 445 988 516 tempus
1010 424 1132 508 officio,
1156 450 1224 518 quo
1249 429 1407 510 interim,
1430 423 1514 518 qnid
1539 425 1610 493 reri
1627 425 1736 496 latitet
1769 427 1838 498 sub

143 533 312 612 suspectae
334 519 630 586 administrationis
653 541 797 600 rumore,
822 517 949 608 inquiri
976 517 1091 609 possit3
1115 535 1148 584 et
1172 519 1250 584 haec
1273 517 1329 584 ille
1353 517 1531 609 suspensio
1554 513 1597 582 ab
1618 519 1732 610 officio
1764 532 1833 602 est,

143 613 280 678 materia
304 613 442 675 omnino
465 610 583 700 digna,
622 633 710 702 quae
742 606 960 675 academicam
992 625 1158 674 mereatur
1188 607 1437 675 discussionem.
1471 607 1608 675 Etenim
1642 609 1833 700 quotidiani

144 703 197 769 hie
221 700 291 767 sere
315 700 426 791 lapsus
448 717 641 781 occurrunt,
666 701 749 765 dum
774 697 825 766 rel
846 721 887 764 ex
912 713 1147 792 praeconcepto
1170 698 1248 764 odio
1270 699 1404 767 sedibus
1427 701 1496 765 suis
1538 700 1755 790 expelluntur
1784 699 1837 767 of·

143 791 263 860 liciales
288 791 339 856 nil
366 793 448 858 male
476 791 604 876 meriti3
629 790 682 858 sel
705 813 745 857 ex
772 789 877 855 nimio
901 791 1031 856 adiectu
1057 791 1273 878 pessimorum
1300 792 1527 857 ministrorum
1552 803 1714 882 teguntur
1752 789 1837 856 deli·

144 885 241 978 quia,
267 904 352 973 quos
373 882 505 950 dudum
529 882 699 948 iunctione
723 903 783 947 sua
808 879 973 948 dimisisse
995 881 1077 969 reip.
1103 882 1260 948 intererat
1281 905 1381 972 quam
1408 883 1564 947 maxime.
1605 881 1714 975 Selegi
1751 880 1837 948 hano

144 973 318 1042 materiam
344 996 403 1066 pro
426 971 563 1038 solemni
587 972 787 1063 specimine,
812 973 856 1036 ita
881 985 1012 1049 tamen,
1036 985 1073 1035 ut
1097 973 1131 1036 in
1151 971 1300 1037 terminis
1317 972 1426 1038 nudae
1446 971 1672 1062 suspensionis
1704 995 1839 1040 roman·

144 1067 269 1147 serim,
293 1065 512 1158 ejusdemque
538 1067 627 1155 jura,
653 1079 815 1155 quantum
839 1060 982 1144 licebat,
1007 1059 1151 1130 breviter
1175 1060 1406 1150 discusserim3
1431 1063 1513 1144 illis,
1539 1086 1624 1156 quae
1647 1065 1687 1129 ad
1727 1083 1838 1130 remo·

144 1162 271 1226 tionem
296 1158 348 1225 rel
373 1153 639 1246 degradationem
659 1155 894 1244 pertinebant,
911 1149 962 1218 rel
980 1149 1078 1240 plane
1103 1153 1264 1234 non,vel
1287 1152 1474 1219 incidenter
1490 1165 1624 1220 tantum
1640 1156 1746 1222 tactis.
1779 1153 1837 1220 Tu

145 1249 309 1317 benerde
334 1248 451 1332 lector,
478 1268 537 1312 nos
559 1270 576 1310 a
602 1246 713 1312 lasere
738 1255 798 1312 tuo
822 1267 889 1310 non
914 1237 1111 1330 suspendas,
1136 1241 1193 1308 sed
1216 1243 1245 1310 si
1270 1243 1353 1310 sorte
1378 1267 1444 1310 non
1470 1244 1585 1312 ubivis
1609 1269 1649 1311 ex
1673 1258 1747 1311 roto
1778 1258 1837 1312 tuo

144 1341 209 1408 lata
234 1363 254 1406 a
279 1339 377 1406 nobis
400 1336 584 1418 seuternia,
608 1360 682 1402 eam
706 1353 761 1402 tua
787 1333 995 1424 benignitate
1019 1332 1174 1422 suppleas
1196 1357 1232 1402 ac
1255 1357 1399 1402 excuses.
1426 1335 1455 1400 Α
1480 1351 1512 1401 33
1529 1358 1624 1421 sero,
1651 1335 1838 1404 clementis·

150 1432 276 1500 simum
291 1431 444 1516 Numen,
467 1429 613 1518 suscepti
638 1425 740 1494 officii
764 1425 896 1494 felicem
918 1444 1104 1490 successum
1128 1424 1295 1516 supplices
1317 1426 1571 1518 praestolamur.

832 1627 1083 1702 CAPUT
1128 1631 1158 1699 l.

636 1821 694 1889 De
716 1822 934 1913 suspensione
956 1813 998 1881 uh
1024 1814 1140 1908 assicia
1163 1819 1200 1883 in
1223 1841 1353 1908 genere.

389 2009 413 2062 ,ς
432 2011 460 2066 1]
476 2007 513 2062 Η
527 2007 565 2059 1!
578 2005 607 2060 A
626 2007 652 2060 fl
670 1989 733 2062 [Ἀ
1019 1999 1140 2052 Ratione
1152 2018 1254 2056 causae
1267 2003 1426 2077 efficientis.
1439 2024 1466 2059 n.
1482 2017 1525 2058 tt.

1016 2083 1137 2137 Ratione
1150 2104 1251 2140 caussae
1261 2101 1371 2161 propter
1383 2089 1573 2162 puamfirtur.
1588 2108 1615 2145 ss.
1629 2099 1671 2144 tt·

141 2179 291 2250 Ingressus.
309 2195 336 2229 n.
353 2186 375 2228 t.
1018 2167 1140 2221 Ratione
1152 2168 1276 2237 effictus.
1287 2192 1314 2224 n.
1329 2185 1371 2226 33.

142 2260 293 2329 strepentia
309 2259 380 2312 unde
393 2255 548 2312 derivetur?
560 2257 586 2312 ri.
602 2267 627 2311 3.
641 2267 668 2311 et
680 2269 720 2314 tt.
1017 2252 1138 2307 Railvns
1151 2255 1363 2326 modifioimdi·
1376 2276 1403 2310 n·
1419 2270 1461 2312 ⁵⁷·

141 2348 314 2416 suspendere
327 2347 408 2399 varie
420 2345 557 2414 accipitur.
572 2365 599 2399 n.
616 2357 639 2398 s.
649 2363 721 2418 seqq.
798 2395 802 2402 .
1018 2359 1065 2464 R

140 2437 174 2490 Ia
188 2450 320 2500 suspensa
334 2445 435 2487 tenere.
449 2453 477 2487 n.
492 2446 516 2487 3.
529 2442 555 2486 et
570 2443 594 2485 t.
1067 2421 1150 2495 ccepti
1171 2440 1267 2491 mores,
1287 2423 1309 2479 si
1331 2425 1414 2496 legem
1435 2426 1549 2494 iaciunt,
1568 2429 1668 2502 dripere
1681 2433 1843 2504 processisse
1883 2440 1893 2483 ¹

140 2525 280 2587 pmcn„
294 2520 379 2573 pona,
391 2537 418 2572 n,
433 2529 456 2570 9,
1018 2507 1140 2573 videbor,
1150 2509 1234 2560 sinon
1249 2509 1278 2562 in
1292 2509 1387 2564 iisdem
1401 2511 1554 2568 satisfecero
1579 2514 1660 2586 Atqui
1674 2535 1737 2570 sero
1750 2517 1779 2569 ht
1793 2517 1840 2571 de·

141 2603 292 2670 ¹5·„„„„„·„
304 2601 497 2673 mmmm.
512 2619 540 2654 n,
557 2613 597 2656 η,
1018 2592 1141 2646 siderant
1158 2593 1282 2655 omnino,
1297 2607 1325 2650 ut
1338 2595 1417 2649 serbe
1431 2607 1599 2667 exponantur
1615 2601 1643 2652 in
1658 2610 1838 2666 antecessum,

141 2684 709 2758 comannpmpgpffifflafflationem,„‚
726 2699 765 2744 η,
783 2699 823 2743 μ,
1018 2689 1157 2750 antequam
1179 2679 1216 2733 rei
1243 2680 1410 2734 adunarentur
1438 2698 1548 2749 manns,
1573 2701 1608 2737 ne
1634 2683 1690 2737 illis
1715 2684 1843 2750 relictis,

144 2770 277 2844 afficppm
291 2770 386 2824 unde?
398 2769 544 2825 mmmm,
557 2791 585 2824 η,
603 2783 645 2825 η,
1020 2762 1085 2818 bace
1104 2764 1133 2817 in
1152 2765 1268 2820 obscuro
1287 2776 1400 2819 maneat.
1420 2767 1510 2819 Mores
1529 2767 1558 2820 lsi
1578 2785 1631 2821 non
1649 2765 1744 2840 ἄνομοι
1766 2781 1841 2834 sont,

140 2857 269 2912 sumitur
280 2857 412 2910 passm,
430 2867 471 2910 η,
483 2873 558 2928 ,φφ
1020 2849 1066 2900 sed
1086 2849 1139 2917 juri
1161 2860 1252 2904 nostro
1270 2861 1358 2904 exacte
1377 2851 1444 2903 satis
1468 2851 1628 2922 conspirant.
1657 2851 1743 2906 Nosse
1768 2851 1842 2906 enim

147 2939 292 3008 Quomodo
306 2943 360 2993 dac
371 2940 433 2993 1000
441 2941 553 2994 ἕως,
1021 2931 1096 3002 prius
1114 2944 1256 3002 oportere,
1283 2935 1353 2987 uncie
1381 2950 1478 2987 nomen
1513 2935 1671 3000 descendat,
1695 2948 1840 3008 antequam

143 3025 230 3076 Sedes
241 3021 425 3087 suspensionis
438 3021 466 3075 in
476 3021 549 3093 jure.
562 3039 589 3078 n.
607 3033 649 3079 so.
1021 3034 1063 3070 res
1081 3019 1245 3088 explicetur,
1266 3019 1370 3071 monuit
1388 3035 1440 3072 non
1461 3019 1592 3073 secundus
1618 3021 1691 3073 inter
1717 3036 1843 3076 romense

147 3103 290 3174 Qur'dsit?
302 3123 327 3156 n.
345 3115 389 3156 tt.
1022 3102 1180 3174 prudentiae
1198 3102 1331 3156 sntistites
1351 3104 1380 3154 in
1398 3103 1488 3172 primu
1510 3103 1702 3158 pandectarum
1721 3105 1779 3176 lege
1793 3107 1844 3158 tn·

139 3189 208 3241 ΝΜ
223 3199 265 3240 051
272 3189 408 3260 privatio,
421 3206 450 3243 n.
466 3200 478 3242 2
485 3199 509 3240 t.
1021 3187 1125 3257 piauus.
1144 3187 1250 3258 Quippe
1269 3185 1353 3240 illotis
1373 3187 1497 3241 manibus
1516 3188 1655 3241 materiem
1682 3189 1843 3261 interprete·

138 3269 373 3324 sedineerdiciio,
389 3290 417 3324 η.
432 3283 475 3325 23,
1023 3267 1104 3319 tionis
1123 3269 1275 3340 suscipere,
1294 3279 1323 3322 et
1340 3268 1405 3338 Cajo
1424 3287 1526 3342 quoque
1544 3273 1605 3325 teto
1620 3271 1696 3326 neiis
1712 3274 1797 3326 risam
1811 3275 1842 3328 iu

140 3357 218 3410 Hine
230 3354 324 3425 differt
335 3376 354 3409 a
365 3367 521 3426 spontanea
536 3357 698 3413 cessarione.
711 3376 738 3412 η,
754 3369 796 3412 ss,
1021 3349 1040 3401 i.
1055 3347 1121 3418 ¹·ffi
1134 3353 1168 3405 de
1178 3369 1204 3403 a.
1218 3353 1236 3406 l.
1256 3351 1293 3404 Eo
1312 3351 1450 3407 breviores
1470 3363 1559 3408 temen
1580 3353 1624 3406 iiie
1642 3356 1762 3423 erimus,
1790 3375 1843 3429 qno

142 3443 224 3510 Quae
236 3457 273 3494 ese
285 3441 375 3494 uariat
387 3440 555 3511 causisfieri
564 3455 661 3512 petest.
673 3462 700 3497 n.
717 3455 761 3498 rs,
1019 3435 1095 3490 olisia
1115 3437 1199 3507 magis
1217 3438 1407 3511 inscriptionis
1427 3447 1534 3492 nostrae
1553 3439 1685 3493 vocabula.
1705 3439 1796 3494 Cuivis
1814 3460 1843 3496 e·
1883 3435 1896 3478 ²

144 3523 228 3592 Quod
238 3524 372 3592 exemplis
384 3524 550 3578 illustratur.
565 3541 593 3580 n.
610 3539 653 3581 ts.
945 3577 948 3584 ,
1021 3523 1077 3574 aim
1098 3531 1188 3594 patet,
1207 3521 1353 3576 derivatum
1367 3539 1425 3576 ssse
1435 3523 1589 3578 rocsbulum
1602 3525 1746 3594 suspensio
1758 3545 1772 3579 a
1786 3543 1844 3581 ses·

138 3607 262 3662 Pastori
278 3606 354 3677 juste
378 3609 535 3678 resignante·
558 3613 625 3666 cersi
647 3611 770 3668 redditus
793 3616 967 3688 assignandi,
1019 3607 1052 3659 bo
1068 3609 1246 3677 suspenderes
1265 3608 1314 3661 boe
1333 3617 1422 3661 autem
1441 3628 1455 3662 s
1473 3625 1581 3664 sursum
1605 3610 1740 3678 pendere,
1768 3612 1786 3662 i.
1821 3627 1843 3666 e.

179 3711 208 3746 n.
223 3703 267 3745 tta
1018 3693 1244 3763 perdueltione,
1263 3703 1369 3747 notante
1387 3693 1496 3747 Martia.
1517 3694 1546 3746 in
1565 3693 1620 3748 less.
1630 3695 1763 3768 philolog.
1778 3713 1843 3752 ooo.

140 3775 192 3829 An
207 3776 268 3845 quis
277 3774 366 3845 possit
376 3773 516 3846 resignare
527 3777 562 3830 oh
574 3775 668 3833 adium
681 3782 967 3842 auditarumi'remis.
1017 3781 1186 3849 suspendere.
1206 3780 1437 3851 Quemadmodum
1456 3797 1517 3834 rero
1542 3780 1633 3851 ipsum
1661 3783 1768 3835 terbum
1798 3801 1843 3837 eu·

176 3859 251 3912 siue.
268 3878 294 3912 n.
312 3871 354 3914 ts.
1020 3868 1153 3936 spendore
1171 3867 1342 3937 ambiguum,
1362 3866 1398 3918 its
1418 3882 1451 3918 es
1469 3882 1500 3918 eo
1519 3864 1667 3920 derivatum
1688 3871 1842 3940 suspensio.

139 3944 305 4000 interdictio
319 3947 388 4000 isaeo
401 3947 605 4016 comprehendit
622 3966 732 4003 omnent
751 3954 966 4024 suspensionem.
1020 3951 1164 4006 Videamus
1184 3953 1259 4023 prins
1278 3952 1351 4006 serbi
1372 3951 1536 4024 suspendere
1554 3948 1772 4021 significationes.

179 4050 211 4082 n.
233 4041 370 4084 tsettt.
1057 4033 1171 4088 Deuotat
1189 4047 1274 4090 autem
1294 4039 1473 4090 communiter
1487 4037 1630 4115 sqffoeore
1647 4039 1766 4112 aliquem
1795 4057 1843 4096 seu
1880 4050 1893 4092 s
1996 4045 1999 4052 ⁴

140 4117 211 4168 Non
223 4115 263 4166 ita
277 4115 439 4169 cacabulum
453 4132 594 4170 eensrsrae.
608 4136 637 4170 n.
654 4131 696 4172 ts.
1021 4121 1160 4190 pendendo
1179 4121 1349 4176 interimere:
1368 4123 1406 4176 its
1427 4121 1454 4176 in
1474 4115 1497 4176 e.
1517 4135 1541 4175 3.
1559 4139 1635 4177 caus.
1657 4136 1699 4178 ts.
1718 4143 1745 4198 q.
1762 4137 1786 4177 3.
1798 4126 1841 4178 di·

143 4200 269 4268 Quidsit
280 4200 422 4268 suspensio
437 4201 465 4254 in
478 4201 590 4270 specie?
602 4222 629 4254 n.
649 4215 691 4256 so.
1019 4205 1089 4258 citor
1106 4207 1197 4276 laqueo
1216 4223 1244 4260 se
1261 4207 1437 4280 suspendere,
1458 4217 1485 4261 et
1504 4208 1552 4260 tali
1571 4205 1733 4279 significata·
1752 4212 1837 4274 etiam

144 4289 293 4353 (ireaenaas
309 4283 791 4356 Rornanisjiieritcensurai'n.tt.
1019 4290 1089 4362 apud
1109 4289 1265 4346 Ciceronem
1283 4292 1436 4364 hocipsum
1456 4293 1580 4348 invenire
1604 4295 1676 4348 lieet.
1704 4295 1781 4349 Siout
1811 4307 1840 4352 et
1883 4309 1897 4350 s

145 4369 223 4437 Quid
241 4384 294 4438 per
314 4369 483 4422 uocabulum
501 4369 576 4438 juris
593 4369 622 4423 in
642 4371 748 4444 definit.
774 4373 968 4445 intelligatur?
1016 4375 1075 4446 jure
1094 4375 1282 4448 cirilisureae
1298 4376 1427 4446 suspendi
1444 4377 1570 4433 dicuntur
1588 4379 1760 4434 consiliorum
1793 4395 1836 4437 re-

176 4463 268 4505 n·tt.
1018 4465 1187 4518 orinal-'stores
1205 4466 1224 4516 t.
1245 4478 1286 4519 33.
1305 4472 1327 4529 ς.
1350 4462 1424 4533 ¹·ff·
1445 4465 1574 4534 depoen.
1602 4462 1675 4516 Alias
1701 4462 1776 4519 satos
1805 4465 1841 4518 fi·

142 4543 173 4592 A
184 4537 315 4608 oeuqficii
337 4537 377 4591 ad
388 4533 484 4608 officia
498 4539 569 4593 ualet
581 4553 787 4610 argumentum,
805 4553 832 4597 et
848 4565 964 4618 paromo-
1016 4564 1077 4614 pere
1095 4548 1114 4600 t.
1135 4560 1176 4602 ts.
1195 4557 1217 4614 ς.
1239 4549 1329 4620 taff.
1346 4550 1406 4604 ead.
1425 4550 1465 4604 rel
1483 4549 1512 4602 in
1530 4548 1630 4604 iuream
1648 4551 1742 4606 tollere
1754 4554 1772 4607 1.
1788 4567 1832 4609 33.

178 4621 235 4675 do?
249 4642 278 4674 n.
292 4634 334 4674 33.
350 4634 391 4674 33.
1016 4639 1038 4695 §.
1055 4631 1123 4702 ²·ff·
1136 4633 1196 4688 ead.
1209 4653 1254 4688 seu
1274 4636 1394 4707 laqueum
1415 4648 1553 4706 torquere,
1572 4646 1601 4689 ut
1619 4637 1680 4707 quis
1693 4638 1773 4693 rebus
1787 4640 1840 4693 ltu-

141 4709 313 4778 Beaefieium
328 4704 491 4780 etoffisirrm
503 4707 642 4778 differunt.
654 4732 682 4764 n.
697 4724 737 4766 33.
1017 4721 1105 4773 menis
1123 4723 1278 4776 extrahetur
1296 4725 1315 4776 i.
1335 4743 1357 4778 e
1376 4723 1554 4795 suspendetur
1570 4725 1589 4778 l.
1611 4735 1652 4778 ts.
1671 4733 1691 4790 5·
1714 4739 1735 4780 3.
1746 4725 1788 4796 ff.
1802 4729 1841 4782 de

142 4797 338 4862 Explicantur
347 4797 427 4847 uerba
439 4816 445 4846 ι
458 4795 495 4846 ad
506 4805 622 4862 tempus.
635 4815 662 4849 n.
679 4809 720 4850 33.
1016 4805 1099 4858 aedil.
1113 4807 1189 4862 edict.
1204 4809 1368 4879 Quandoque
1381 4807 1546 4879 suspendere
1559 4808 1672 4862 sumitur
1687 4809 1768 4863 etiam
1786 4830 1837 4884 pro
1876 4817 1889 4858 ὅ

144 4886 193 4934 An
207 4881 351 4950 suspensio
361 4879 448 4950 possit
461 4894 518 4934 esse
527 4884 680 4950 perpetuo?
693 4900 721 4936 rt.
737 4893 778 4937 33.
1015 4887 1129 4957 differre
1147 4909 1193 4944 seu
1209 4911 1376 4964 prorogare3
1395 4895 1432 4946 ita
1453 4893 1482 4946 io
1500 4893 1519 4946 i.
1539 4895 1586 4946 ult.
1605 4894 1633 4946 in
1642 4891 1697 4963 fin.
1703 4891 1745 4962 ff
1761 4914 1837 4952 eom·

142 4967 291 5020 Ii'oranrur
302 4963 346 5018 dic
357 4964 527 5018 castanietae.
542 4984 569 5016 n.
585 4977 628 5019 to.
689 5001 693 5012 .
1014 4992 1090 5027 mun.
1107 4977 1201 5043 praed.
1221 4989 1291 5032 actus
1309 4975 1493 5032 defunctorum
1509 4979 1636 5048 suspendi
1648 4976 1787 5046 dicuutur,
1801 4983 1842 5036 si·

140 5047 292 5120 Differam
304 5050 467 5119 suspendere
478 5059 505 5103 et
517 5052 621 5105 tollere.
635 5072 663 5106 n.
677 5064 720 5108 ts.
1015 5056 1135 5110 rerstinra
1154 5075 1207 5112 non
1226 5059 1290 5113 item
1309 5063 1327 5114 l.
1348 5074 1390 5117 ts.
1399 5059 1440 5128 ff
1459 5063 1493 5118 de
1517 5063 1607 5134 stipul.
1633 5082 1701 5120 seru.
1729 5065 1832 5122 Eodem

143 5137 231 5204 Quoad
240 5139 397 5191 illustratur
409 5137 547 5208 exemplis.
559 5157 587 5191 n.
602 5149 646 5191 tt.
658 5157 731 5212 seqq.
1014 5137 1092 5192 modo
1110 5143 1230 5196 executio
1247 5163 1351 5216 qnoque
1367 5149 1496 5214 strependi
1518 5147 1630 5215 dieitur,
1656 5149 1716 5205 cad.
1743 5152 1836 5205 tlteod.

140 5219 292 5290 suspensio
304 5231 437 5289 perpetua
450 5222 648 5278 conveniictsm
662 5225 839 5291 depositione,
852 5247 880 5282 η,
897 5241 939 5285 15,
1013 5221 1060 5276 lib.
1080 5237 1105 5276 3.
1122 5226 1162 5279 tii.
1183 5239 1225 5281 36.
1242 5228 1291 5301 leg.
1314 5239 1354 5284 2⁵.
1373 5240 1399 5284 el
1412 5233 1580 5286 commodum
1595 5237 1745 5290 sententiae
1763 5239 1832 5292 latae

144 5305 252 5374 Differt
264 5305 411 5373 suspensio
426 5309 739 5378 nostraodepositiaue.
754 5321 837 5365 mse.
848 5328 919 5386 seqq.
1013 5327 1062 5380 pet·
1080 5313 1298 5380 *ppellsliottem
1317 5319 1377 5372 ssd.
1395 5317 1483 5372 theod·
1502 5319 1528 5374 d.
1545 5321 1587 5374 tit·
1608 5333 1649 5374 ts·
1674 5323 1724 5392 leg.
1754 5335 1779 5376 3.
1804 5335 1834 5378 et

142 5390 277 5461 Differre
292 5391 500 5460 depredatione.
512 5411 540 5444 n.
555 5401 596 5444 ts.
1011 5393 1058 5446 lib.
1077 5406 1101 5447 3.
1120 5397 1161 5449 tit.
1181 5409 1224 5452 33.
1243 5400 1293 5472 leg.
1314 5412 1355 5454 31.
1377 5401 1437 5454 Pari
1457 5401 1557 5457 ratione
1575 5403 1673 5458 Seoeos
1691 5405 1739 5460 td.
1755 5415 1779 5459 s.
1800 5407 1837 5460 de
1878 5428 1892 5468 e

143 5475 319 5545 Depradutio
334 5473 427 5544 differt
439 5495 457 5530 a
469 5475 644 5545 depositione.
659 5495 686 5530 n·
702 5489 744 5532 33.
1011 5479 1056 5535 ira
1072 5497 1096 5534 e.
1116 5491 1158 5534 ss.
1176 5481 1245 5536 isam
1259 5485 1287 5537 in
1300 5501 1429 5554 suspenso
1447 5487 1633 5553 retinendam,
1653 5501 1756 5544 monet:
1777 5511 1828 5564 po-

147 5559 220 5624 Quid
230 5558 428 5612 lodie?n.tt.
1012 5573 1064 5618 test
1081 5566 1153 5619 enim
1173 5587 1255 5638 poene
1275 5571 1355 5623 dilata
1374 5569 1463 5640 exigi,
1482 5589 1535 5625 nou
1561 5582 1650 5644 potest
1673 5585 1764 5629 essen
1793 5595 1835 5632 re-

143 5645 336 5711 Easdiaanrur
347 5646 447 5699 verda:
461 5645 581 5715 eeiiasta
594 5665 695 5714 sarisa,
708 5651 862 5709 remissive.
876 5671 904 5708 n.
918 5663 963 5708 tt.
1013 5649 1110 5702 vocari.
1129 5649 1207 5721 Quod
1227 5654 1373 5724 prudenter
1391 5657 1532 5711 advertens
1552 5660 1698 5731 imperator
1713 5661 1838 5717 Theodo-

144 5728 288 5788 Ds'pids'tur
299 5731 443 5798 suspensio
457 5732 567 5786 ratione
580 5735 722 5792 materiae.
735 5752 818 5795 pun.
1013 5733 1084 5805 sltts,
1103 5735 1147 5808 ple
1167 5735 1201 5791 llr't
1219 5737 1354 5796 edicebat:
1373 5741 1396 5796 sl
1415 5741 1548 5801 sindiesri
1576 5747 1605 5800 in
1636 5747 1739 5822 sliquofl
1764 5769 1839 5811 dete.

307 5815 414 5886 dtrykii
433 5817 493 5874 Vol.
513 5820 567 5872 IV.
1573 5840 1602 5885 tt
1964 5834 2043 5864 ⁸
