4418 6266
441 317 493 388 5⁵5

308 425 341 480 lt
418 419 505 473 Porro
523 416 674 484 suspectum
700 400 823 458 redditur
839 399 1047 455 instrumentum
1071 416 1118 472 per
1134 417 1205 453 eosn-

383 502 548 572 pnrstiuuem
569 497 731 555 liternmm,
758 485 862 540 Bornit.
880 485 972 557 defici.
990 484 1117 539 instrum.
1133 503 1162 554 p.
1181 497 1206 538 r.

311 599 345 658 7²
383 585 445 638 libr.
472 595 496 636 ι.
517 599 578 648 cup.
599 591 621 630 ι.
642 575 699 627 lmo
716 581 744 626 et
762 571 904 624 diuersitas
920 572 1062 624 strumenti
1081 568 1207 621 islsitstis

381 667 565 736 suspicionem
584 657 700 724 inducit,
714 656 829 709 Crerett.
840 670 916 708 cous.
934 665 989 707 ιιι.
1001 673 1028 706 n.
1043 665 1086 706 ιι.
1097 653 1207 724 Cephei.

311 751 345 822 73
383 749 480 806 consil.
498 759 555 800 ιιι.
569 765 595 798 ιι.
611 755 652 797 ιι.
664 742 782 795 Pariunt.
794 757 839 808 qn.
857 751 916 791 ιιι.
929 757 956 792 ιι.
977 749 1019 790 ιι.
1032 739 1151 790 Ulterius
1163 755 1206 790 su·

381 841 550 907 spectsesunt
561 829 712 899 scripturus
721 823 915 893 marginalessset
923 819 1119 884 interlineares,
1127 821 1208 872 iluiu.

380 920 442 972 libr.
458 929 480 968 ι.
491 930 569 969 cons·
583 924 644 966 trs.
656 928 683 963 ιι.
703 919 743 960 ιι.
756 904 921 960 utrumuis
933 923 960 958 u.
970 903 993 974 ι’.
1005 922 1031 974 q.
1044 902 1105 955 tttr.
1120 914 1207 956 ecus.

384 1013 442 1055 tet.
457 1019 486 1052 n.
500 1009 541 1052 rt.
555 995 635 1053 Unde
647 1001 772 1047 notanter
782 989 918 1041 Maximil.
937 987 1060 1057 imperat.
1072 986 1099 1040 iu
1114 986 1206 1040 ordin.

383 1079 476 1138 rietur.
489 1085 523 1138 de
536 1099 614 1136 anno
632 1087 708 1132 tete.
721 1081 743 1138 5.
756 1073 800 1126 die
814 1073 942 1126 notarim
960 1070 1046 1125 sollen
1055 1081 1104 1125 etc.
1117 1071 1206 1142 dispo·

381 1167 440 1220 uit:
458 1163 618 1219 sonuertnt
630 1179 667 1216 an
679 1157 856 1213 nerettteuen
868 1153 928 1208 und
937 1154 1142 1226 oereluesbtigen
1157 1157 1208 1208 Or·

383 1260 430 1304 teu
445 1250 473 1304 in
489 1248 568 1304 einer
579 1246 647 1301 oder
660 1244 738 1299 meur
748 1241 859 1303 Zeilen,
871 1240 940 1293 oder
949 1240 1080 1296 coneum
1093 1240 1146 1294 den
1159 1239 1207 1294 Li·

383 1334 449 1386 ssien
467 1335 535 1388 oder
548 1329 617 1403 senff
623 1330 672 1382 dur
685 1326 811 1396 Spurium
825 1326 922 1378 bernus
942 1335 1140 1392 emutescere,
1157 1327 1206 1378 du·

383 1433 435 1470 ιιοι·
445 1415 485 1468 sie
497 1414 569 1479 sicis,
587 1429 620 1464 so
639 1410 691 1463 oiel
710 1408 847 1476 metgls'els,
869 1407 1079 1472 insensatus,
1105 1406 1209 1460 muter.

383 1498 496 1570 megnil.
516 1499 560 1550 du.
581 1497 689 1550 Praeses
707 1491 773 1562 dsip.
793 1493 827 1545 de
833 1493 891 1566 jur.
906 1493 1049 1562 protocoll.
1066 1510 1129 1564 cup.
1143 1503 1166 1545 ι.
1178 1511 1205 1545 ιι.

314 1595 348 1664 74
388 1595 431 1638 ts.
447 1582 501 1638 Ubi
521 1581 573 1636 aliu
584 1619 594 1647 ,
612 1595 680 1650 quae
705 1577 880 1650 protocollnm
900 1576 1018 1630 reddunt
1035 1589 1206 1650 suspectum,

383 1667 558 1721 sddueuntur.
578 1665 687 1726 Plures,
706 1679 773 1733 quse
793 1663 970 1714 instrumento
982 1666 1079 1733 opponi
1095 1674 1205 1733 possunt

381 1750 562 1820 suspiciones,
578 1748 626 1818 qui
636 1747 705 1800 scire
718 1757 788 1811 eret,
801 1745 878 1800 sdest
898 1745 1002 1800 Boruit.
1016 1747 1055 1800 ud
1071 1747 1089 1798 l.
1110 1757 1135 1800 ι.
1148 1765 1205 1819 cup.

314 1916 346 1986 55
386 1844 579 1984 ..ἑῒιᾳιᾳιίςὶΙΙι
596 1912 682 1966 sdbue
705 1910 900 1976 lustrabimus,
923 1929 990 1982 qnae
1017 1912 1205 1967 instrumentis

383 2001 542 2072 plerumque
554 1997 750 2064 subjiciuntur,
768 1996 851 2061 sdeo,
865 2006 959 2049 utnon
976 2006 1077 2051 tautum
1090 1997 1203 2051 subscri·

381 2087 457 2158 plin,
475 2086 521 2139 sed
539 2096 566 2137 et
584 2081 642 2153 ipsa
661 2081 750 2150 sigitte
768 2079 921 2149 recognosci
940 2081 1054 2144 soleant,
1073 2099 1106 2134 sn
1127 2081 1156 2132 iu
1172 2083 1204 2134 il·

383 2171 422 2224 lis
437 2169 502 2242 quid
521 2168 610 2220 latitet
627 2166 794 2236 suspicionis.
820 2165 873 2218 Ubi
895 2165 923 2218 in
941 2174 1108 2219 snteeessum
1125 2178 1202 2223 nuts-

384 2271 458 2320 suus,
476 2255 594 2323 quarm
612 2251 713 2321 prirsti
733 2251 851 2318 sigillum
866 2266 959 2320 pernm
972 2249 1092 2304 conferet
1109 2253 1141 2303 sd
1161 2254 1204 2306 in·

383 2339 509 2393 strumeti
528 2336 706 2399 validitatem,
723 2337 748 2386 si
765 2347 852 2390 tamen
866 2335 894 2386 iu
909 2336 1090 2389 instrumento
1101 2336 1206 2392 «licetur

385 2423 457 2476 illud
476 2421 621 2492 sigillatum
639 2437 713 2483 esse,
726 2419 814 2488 sigilis
831 2435 893 2476 sero
911 2430 1001 2491 postes
1013 2422 1112 2476 omisss
1125 2442 1205 2494 rppn-

322 2564 324 2572 ,
383 2518 476 2571 resut,
495 2507 593 2561 exinde
611 2507 812 2560 instrumentum
828 2505 951 2560 redditur
969 2519 1127 2578 suspectum,
1144 2510 1204 2564 liut-

383 2611 440 2664 ger.
459 2591 572 2646 llulaud.
585 2602 617 2642 tr.
635 2591 669 2644 de
686 2589 887 2644 commissoriis.
895 2609 922 2661 p.
937 2601 961 2642 t.
972 2591 1032 2642 titt.
1047 2605 1069 2642 ι.
1080 2609 1103 2644 ο.
1116 2603 1158 2644 tu.
1174 2611 1200 2645 u.

315 2675 347 2747 75
385 2691 411 2734 t.
430 2679 471 2732 De
488 2687 592 2731 cnetero
608 2689 695 2732 tamen
714 2677 770 2748 ipss
790 2675 879 2746 sigilla
905 2674 933 2728 iu
962 2675 1139 2730 instrumento
1158 2676 1204 2730 de·

383 2765 516 2835 prebente
535 2762 638 2832 saepius
656 2757 727 2814 liunt
744 2771 877 2830 suspecte:
896 2775 1021 2829 quorsum
1038 2760 1201 2829 perticensi

386 2849 504 2916 tigillum
523 2847 597 2900 illius
616 2863 668 2898 uon
688 2845 781 2905 luerit,
807 2847 882 2910 cuins
900 2842 953 2896 luit
971 2861 1080 2907 munus,
1100 2845 1153 2896 nisi
1173 2846 1202 2899 iu

385 2931 580 3001 subscriptione
597 2930 731 2992 additum,
749 2945 777 2980 se
795 2929 882 2980 elieuo
901 2925 992 2994 sigillo
1011 2925 1093 2979 luisse
1112 2945 1199 2993 usum,

315 3031 345 3084 57
383 3013 517 3068 Francisc.
535 3016 617 3066 Maru
630 3013 685 3066 elec.
696 3011 814 3079 detpttn.
827 3031 869 3080 qn.
884 3023 946 3062 sut.
959 3031 985 3064 n.
1002 3023 1026 3066 ι.
1043 3011 1146 3064 Deinde
1158 3031 1203 3065 su·

385 3111 502 3168 spectum
522 3096 658 3167 sigillum,
678 3097 700 3148 si
720 3098 854 3166 sculpture
870 3114 923 3148 uun
936 3096 1052 3166 emplius
1070 3099 1107 3149 sit
1124 3115 1201 3166 ugnu-

384 3183 504 3246 scibilis,
524 3199 571 3235 seu
590 3180 708 3234 discerni
728 3198 781 3232 uon
800 3180 901 3250 possit,
922 3179 1036 3232 liulsnd.
1055 3179 1080 3231 d.
1094 3179 1162 3231 l.lit.
1175 3199 1201 3233 u.

315 3265 347 3331 qli
387 3283 413 3317 ιι.
435 3277 476 3318 ιι.
496 3261 575 3334 Quod
594 3263 666 3315 idem
679 3264 944 3334 dicuntprocedere,
963 3263 986 3316 si
1007 3266 1099 3316 literne
1117 3264 1201 3330 sigilli

384 3365 439 3402 uon
458 3349 513 3403 siut
531 3347 667 3419 legibiles,
686 3347 766 3410 sileo,
780 3357 810 3399 ut
823 3365 854 3400 eu
867 3347 928 3416 ipso
945 3356 972 3399 ct
990 3349 1108 3416 sigillum
1120 3359 1147 3402 et
1160 3349 1202 3400 iu·

386 3423 620 3486 strumentum'sit
637 3445 802 3502 suspectum,
822 3431 937 3484 liulnud.
954 3428 981 3484 d.
994 3431 1012 3481 t.
1026 3450 1052 3484 n.
1067 3443 1106 3484 tt.
1117 3433 1200 3486 Nicol.

316 3531 348 3585 79
383 3517 529 3572 usercam.
541 3516 630 3586 dsfid
643 3518 767 3571 instrum.
778 3533 838 3584 cup.
855 3527 895 3565 ιι.
914 3531 940 3565 n·
962 3525 1005 3566 ιι.
1023 3518 1122 3568 Verum
1136 3517 1202 3586 qnid

385 3604 424 3655 ite
442 3603 476 3656 de
491 3602 611 3654 moribus
627 3599 766 3654 hodiernis
777 3599 934 3662 dicendum,
952 3599 999 3653 nbi
1018 3600 1046 3652 iu
1066 3603 1201 3672 sculpture

384 3687 542 3742 annulorum
561 3687 767 3755 signatoriornm
783 3687 937 3754 plerumque
953 3685 1086 3739 omittitur
1105 3705 1202 3741 uosueu

383 3769 474 3833 illius,
492 3772 566 3838 cnjus
583 3779 625 3822 est
642 3765 780 3838 sigillum?
798 3769 912 3837 Quodsi
931 3767 964 3819 cd
975 3769 1149 3824 substantiam
1163 3774 1211 3825 si·›

384 3856 445 3925 gilli
461 3856 556 3908 literae
571 3869 667 3907 nomen
686 3853 867 3922 exprimentes
884 3865 944 3906 snut
960 3854 1136 3919 necessarius,
1162 3856 1203 3910 uti

384 3939 429 3992 dd.
448 3946 565 3992 ststuere
580 3936 648 3989 dicit
666 3937 786 4008 Uopiug.
803 3946 839 3988 tr.
851 3938 887 3990 de
897 3939 957 4010 jur.
974 3939 1056 4008 n'gttt
1073 3957 1137 4008 cup.
1161 3951 1202 3993 ιι.

384 4044 412 4077 n.
430 4035 473 4076 sc.
493 4021 570 4075 facile
589 4034 711 4091 suspects
730 4023 834 4076 dixeris
853 4023 941 4093 sigilla
958 4025 1002 4078 bis
1019 4025 1108 4080 literis
1119 4026 1203 4080 desti·

314 4123 347 4173 80
382 4121 446 4166 tutu.
465 4105 517 4162 Sed
534 4108 596 4178 quin
612 4107 646 4159 ad
664 4125 752 4161 mures
771 4108 800 4160 in
820 4109 949 4176 ejusmodi
968 4111 1084 4178 negotiis
1101 4112 1203 4180 proeci-

383 4213 435 4266 pue
453 4192 667 4264 respiciendum
682 4211 735 4246 uon
750 4201 886 4263 putarem,
901 4205 1050 4264 suspectum
1063 4209 1119 4248 esse
1132 4196 1202 4260 eius·

388 4281 460 4334 modi
478 4279 616 4349 sigillum,
636 4279 718 4332 modo
735 4278 868 4348 sculpture
887 4295 947 4329 cum
960 4277 1112 4346 insignibus
1124 4277 1203 4331 ismi-

316 4371 346 4422 δι
385 4366 477 4421 miliae
494 4364 639 4418 conveniat.
657 4363 735 4416 Unde
752 4379 800 4416 uec
813 4361 941 4426 arbitror,
960 4362 1039 4412 ullum
1059 4360 1203 4416 iudecrirl

386 4451 585 4522 suspicionem,
604 4447 626 4501 si
644 4448 706 4517 quis
719 4449 771 4500 tele
782 4446 901 4516 sigillum
913 4448 1092 4499 instrumento
1104 4462 1201 4516 suppo-

386 4553 449 4602 ιιι,
465 4537 536 4606 quud
555 4533 626 4586 nibil
643 4532 698 4586 uisi
716 4533 870 4585 cancellatas
888 4530 1007 4584 nominis
1025 4531 1118 4582 literis
1135 4544 1199 4584 cou-

388 4627 479 4685 tinet,
496 4637 577 4677 nunu
596 4619 646 4672 der
667 4619 775 4673 Nubeue
786 4617 816 4670 iu
831 4615 909 4669 einen
927 4617 988 4684 Zug
1002 4615 1128 4684 gebracht
1146 4615 1206 4669 und

389 4705 664 4772 meritrosuelretist3
682 4701 783 4758 suflicit
797 4703 871 4756 euim
886 4701 945 4771 hir,
958 4701 1028 4770 quod
1049 4701 1097 4754 boc
1115 4699 1204 4771 sigillo

983 255 1483 361 circummunientium.
1957 273 2014 368 ’ςίι

1256 402 1294 454 uti
1307 404 1401 458 solitus
1413 401 1507 467 luerit:
1519 400 1590 458 unde
1600 401 1736 458 ttaxtntt.
1753 403 1784 455 in
1796 400 1857 457 ord.
1875 409 1961 455 uetur.
1971 401 2002 454 de
2013 419 2058 457 cu·

1257 505 1295 541 uo
1313 500 1391 543 sust.
1408 487 1492 559 quoad
1509 489 1597 560 sigilis
1614 489 1718 543 testium
1738 489 1767 542 iu
1788 497 1946 542 testsmeuto
1964 485 1991 538 id
2009 499 2061 541 tan·

1259 582 1314 625 tum
1334 574 1463 644 requirit,
1482 585 1512 628 nt
1530 573 1658 644 sigillatio
1675 571 1725 626 liat
1743 571 1792 626 mit
1810 571 1890 625 ibren
1913 573 2064 642 geworbnli-

1257 655 1327 709 eben
1338 657 1476 728 signeten.
1496 658 1580 711 Porro
1598 667 1746 727 suspectum
1771 655 1871 708 dicitur
1894 654 2027 724 sigillum,
2043 653 2062 704 si
2093 663 2117 712 ιι

1257 755 1316 793 cera
1334 744 1392 810 ejus
1410 759 1462 794 uon
1482 743 1517 796 sit
1535 743 1657 812 integra,
1676 743 1723 793 sed
1743 743 1778 792 its
1803 751 1894 810 rupte,
1912 749 1942 791 ut
1959 737 2066 807 cognosci

1260 839 1312 875 uou
1324 826 1419 896 possit,
1434 825 1522 878 senec.
1533 827 1591 878 libr.
1608 824 1840 897 t.de1'nds'e.eup.
1854 834 1931 875 sen.
1948 835 1990 875 ιι.
2000 822 2066 876 ldem
2095 830 2118 878 tl

1259 907 1372 976 dicunt,
1391 910 1415 964 sl
1435 909 1561 978 ejusmodi
1580 927 1639 964 cera
1658 909 1794 974 adbibita,
1814 925 1881 978 quae
1898 908 1940 959 rel
1958 905 2066 971 insolita,

1260 993 1301 1044 rel
1317 992 1441 1062 dignitati
1461 993 1604 1062 sigillsutis
1623 1011 1676 1047 nou
1695 994 1849 1056 conveniat,
1869 994 1985 1063 llopiug.
2000 991 2066 1044 dtr.

1260 1076 1293 1129 de
1297 1078 1356 1150 jur.
1373 1079 1453 1147 sigili.
1466 1096 1490 1132 c.
1506 1088 1546 1130 tt.
1564 1095 1597 1130 ex
1612 1097 1681 1148 qun,
1700 1087 1729 1131 ut
1746 1095 1778 1130 ex
1793 1076 1915 1131 liniendo
1932 1077 1998 1129 eliae
2015 1093 2067 1129 ιιι-

1261 1178 1304 1214 see
1322 1172 1348 1214 et
1366 1163 1582 1216 circumstantiae
1594 1163 1646 1232 peti
1658 1172 1784 1232 possunt,
1802 1178 1869 1232 qnae
1883 1169 2005 1229 suspects
2018 1161 2069 1215 red·

1260 1244 1322 1298 dere
1339 1247 1426 1316 sigillo
1443 1247 1560 1314 rslesut,
1577 1261 1703 1317 quorsum
1717 1243 1856 1301 brevitatis
1867 1243 1955 1316 gretie
1973 1260 2019 1298 uos
2032 1261 2067 1297 re·

1259 1331 1401 1386 mittimus.

1294 1413 1371 1468 Circa
1390 1413 1575 1488 sppellstionis
1598 1412 1736 1468 materiem
1754 1410 1818 1466 haee
1836 1411 1922 1466 sdbne
1939 1421 2068 1479 notemus,
2097 1407 2118 1468 il

1258 1500 1440 1570 exceptionem
1460 1499 1575 1570 suspecti
1594 1499 1823 1567 judieiseessrre,
1842 1495 1865 1547 si
1886 1497 1947 1566 quis
1965 1499 2071 1568 pstiatur

1257 1581 1371 1650 judicem
1389 1583 1422 1637 sd
1439 1584 1562 1639 ulteriora
1582 1581 1724 1655 progredi,
1744 1588 1818 1632 etse
1835 1597 1924 1634 coram
1945 1599 1977 1633 eu
1994 1581 2070 1648 sistst,

1258 1683 1307 1719 uec
1324 1671 1453 1740 appellet,
1473 1667 1512 1722 sio
1529 1667 1603 1722 enim
1623 1666 1703 1720 tscite
1726 1664 1830 1716 ridetur
1848 1681 1895 1717 suu
1911 1663 1965 1733 juri
1984 1681 2072 1716 nnun-

1257 1753 1344 1813 eisre,
1359 1753 1540 1805 Panormitam
1553 1754 1582 1804 ιἰι
1594 1767 1656 1820 esp·
1669 1767 1730 1802 cuns
1741 1747 1847 1818 special
1861 1750 1896 1800 Χ.
1910 1748 1944 1800 de
1953 1749 2070 1815 appellet.

1260 1837 1340 1889 Posse
1357 1837 1429 1890 euim
1449 1837 1499 1892 boc
1515 1854 1577 1890 casu
1596 1835 1732 1905 appellere
1756 1831 1851 1904 probat
1869 1831 1959 1885 Scace.
1979 1832 2011 1885 de
2029 1851 2072 1900 up·
2099 1831 2122 1880 35

1256 1918 1351 1990 pellat.
1363 1941 1388 1994 q.
1404 1933 1428 1974 ι.
1442 1941 1470 1974 ιι.
1487 1932 1544 1974 ιιι.
1563 1920 1640 1974 Licet
1658 1919 1709 1971 boo
1726 1919 1830 1981 solum,
1847 1917 1918 1987 quod
1936 1917 2017 1986 judex
2035 1936 2072 1970 su·

1257 2013 1362 2074 spectus
1380 2005 1432 2068 sit,
1451 2003 1483 2058 sd
1502 2003 1701 2077 appellationem
1719 2019 1773 2055 nou
1791 1997 1924 2069 sufficiat,
1939 2003 1999 2070 quia
2014 2017 2072 2053 nuu-

1257 2085 1320 2139 dnm
1339 2088 1416 2140 sdest
1433 2104 1595 2158 grarmen,
1613 2085 1659 2138 sed
1677 2083 1787 2153 allegari
1807 2083 1906 2136 debent
1924 2101 2015 2137 esusre
2033 2101 2070 2136 re·

1256 2169 1416 2236 cusationis,
1434 2187 1499 2242 ques
1518 2171 1540 2222 si
1559 2167 1696 2223 stteudere
1707 2167 1776 2222 nolit
1786 2167 1880 2238 judex,
1896 2177 1961 2222 tune
1973 2169 2071 2222 &mum

1256 2255 1462 2326 appellenduru,
1483 2255 1570 2306 Seme.
1591 2253 1617 2307 d.
1629 2271 1658 2307 ιι.
1674 2265 1733 2306 ttt.

1291 2339 1344 2392 Ubi
1365 2337 1392 2389 id
1409 2355 1512 2408 quoque
1529 2338 1662 2391 ebserrsri
1682 2347 1818 2405 meretur,
1844 2336 1867 2392 si
1885 2339 1996 2406 sllegeta
2019 2353 2070 2390 sus·
2101 2339 2125 2390 tl

1255 2421 1359 2491 spicio,
1377 2423 1412 2474 ob
1430 2439 1509 2490 quern
1527 2422 1609 2490 judex
1634 2423 1795 2476 recusandus
1820 2423 1874 2488 sit,
1894 2433 1920 2476 et
1940 2423 2017 2491 judex
2035 2423 2071 2474 ni·

1256 2506 1401 2558 bilominus
1415 2505 1555 2577 procedet,
1572 2517 1631 2559 tune
1643 2505 1803 2560 decendium
1815 2507 2024 2578 interponendae
2034 2527 2072 2578 sp

1254 2589 1406 2660 pelletiouis
1425 2605 1481 2640 nnn
1495 2607 1508 2640 a
1522 2587 1567 2642 die
1584 2589 1707 2658 allegetis
1724 2591 1898 2662 suspicionis,
1913 2593 1961 2644 sed
1973 2591 2005 2644 ab
2018 2592 2072 2662 ipso

1256 2685 1330 2737 ectu,
1343 2691 1421 2744 quern
1435 2674 1516 2742 judex
1527 2685 1588 2745 post
1599 2677 1737 2744 allegctem
1751 2676 1932 2747 suspicionem
1954 2679 2071 2749 suscepit,

1242 2760 1477 2832 'computandum
1497 2761 1591 2814 soace-
1610 2760 1636 2814 d.
1655 2770 1730 2815 erues.
1742 2781 1768 2832 q.
1784 2772 1826 2816 ιι.
1844 2781 1873 2814 n.
1895 2773 1957 2816 sss.
1975 2762 2025 2816 sed
2043 2782 2072 2815 an
2102 2773 2124 2840 uf

1254 2846 1277 2901 si
1296 2848 1390 2918 quise
1409 2846 1497 2916 judice
1515 2846 1693 2918 sppellsrerit
1712 2847 1740 2899 iu
1759 2855 1831 2899 certa
1848 2863 1925 2900 crues
1941 2885 1950 2911 ,
1969 2865 2027 2899 eum
2045 2851 2071 2900 in

1254 2931 1316 2984 sliis
1333 2931 1418 2984 censis
1436 2931 1521 3002 possit
1540 2946 1661 2984 recusare
1680 2938 1710 2982 ut
1729 2929 1904 2998 suspectum?
1923 2926 2071 2982 bilirmasit

1254 3015 1303 3069 lsoo
1316 3015 1438 3086 puntiiex
1449 3019 1479 3068 in
1489 3033 1513 3068 c.
1525 3017 1562 3069 ud
1570 3017 1645 3069 boec.
1658 3015 1767 3068 r.X.de
1774 3014 1898 3083 appellat.
1906 3015 1997 3070 lesden
2009 3017 2074 3070 enim

1254 3099 1299 3170 qui
1319 3101 1348 3154 iu
1366 3119 1419 3155 uuo
1443 3100 1581 3168 gesserit,
1606 3097 1708 3153 ridetur
1733 3099 1812 3152 etiam
1841 3100 1869 3150 in
1895 3100 1951 3153 elio
1975 3115 2073 3168 grnrnre

1253 3182 1333 3246 celle,
1351 3183 1509 3253 praesertim
1526 3197 1586 3235 cunr
1615 3181 1667 3252 ipsi
1688 3197 1734 3252 per
1759 3181 1969 3252 appellationem
1995 3183 2073 3251 aliqum

1253 3265 1352 3336 injuria
1370 3266 1444 3319 illnta
1463 3264 1602 3326 uideatur,
1624 3263 1733 3333 August.
1752 3263 1864 3318 Burbos.
1884 3263 1924 3318 ud
1936 3263 1963 3316 d.
1975 3282 1998 3318 s.
2014 3281 2036 3321 s·
2048 3279 2073 3314 ιι.

1255 3360 1279 3400 ι.
1294 3349 1381 3402 Scecu.
1399 3347 1425 3401 d.
1438 3348 1455 3402 l.
1468 3367 1513 3418 qu.
1529 3359 1569 3400 tr.
1581 3347 1658 3400 ttmte
1673 3359 1714 3399 ιι.
1728 3348 1839 3401 membr.
1854 3357 1877 3400 t.
1891 3367 1917 3401 ιι.
1933 3359 1958 3402 t.

1288 3440 1390 3492 Verum
1408 3433 1473 3487 baeu
1485 3435 1628 3504 dispositio
1640 3433 1706 3502 iuris
1720 3435 1842 3487 canonici
1858 3450 1986 3504 expresse
1996 3431 2073 3486 reins-
2103 3445 2126 3494 st

1254 3529 1332 3590 gutur
1349 3518 1403 3588 juri
1421 3519 1495 3570 cirili
1515 3519 1542 3571 iu
1556 3519 1574 3572 Ι.
1588 3537 1634 3572 un.
1645 3517 1686 3587 ff
1703 3521 1775 3590 apud
1787 3537 1848 3574 enm
1865 3538 1883 3571 a
1902 3537 1957 3588 quo
1981 3517 2072 3590 appell.

1253 3605 1340 3659 olium
1352 3618 1440 3658 court.
1454 3619 1534 3672 agere
1545 3603 1727 3670 compellenti.
1742 3603 1833 3656 Bonus
1845 3603 1917 3655 enim
1932 3602 2013 3671 judex
2024 3619 2072 3653 uon
2101 3621 2125 3686 *ii

1252 3689 1370 3760 patietur
1396 3705 1424 3740 se
1448 3703 1496 3758 per
1518 3687 1721 3758 sppellatiouem
1738 3685 1858 3752 offendi,
1878 3685 1923 3739 sed
1944 3684 2067 3740 beneficia

1252 3773 1386 3829 communi
1403 3775 1462 3842 iure
1478 3771 1586 3826 inducta
1604 3773 1718 3842 gmretis
1730 3771 1801 3824 heud
1815 3767 1963 3827 difficulter
1982 3769 2068 3823 indut-

1252 3859 1337 3930 gebit.

1287 3939 1440 4012 indulgebis
1458 3955 1518 3994 reto
1536 3950 1563 3994 et
1582 3950 1626 4004 tu,
1644 3941 1727 3994 lector
1745 3939 1893 4004 benevole,
1917 3939 1989 3990 mibi
2007 3957 2068 4008 qun·
2099 3954 2123 4004 qn

1251 4043 1303 4099 que
1320 4027 1388 4095 juris
1406 4025 1555 4078 eommunis
1573 4021 1748 4088 beneficium,
1760 4040 1795 4076 ne
1807 4025 1835 4076 iu
1850 4025 1899 4076 hee
1911 4024 2068 4094 suspicionis

1252 4110 1363 4163 materie
1380 4109 1448 4162 ultre
1465 4124 1545 4178 quem
1563 4105 1647 4160 iecere
1658 4109 1811 4178 potuerim,
1830 4105 2002 4160 condemner.
2015 4106 2072 4157 Feci

1251 4203 1378 4266 quantum
1398 4211 1446 4264 per
1466 4191 1597 4262 temporis
1617 4191 1745 4244 cntionem
1764 4189 1859 4255 licuitg
1872 4191 1947 4260 plura
1966 4198 1996 4242 ut
2012 4189 2073 4242 iscu-

1251 4296 1309 4334 rem
1327 4279 1476 4348 amplitudo
1495 4277 1618 4330 materiae
1636 4273 1836 4348 exigebetssed
1855 4291 1889 4328 ne
1907 4274 2021 4330 lacerem
2036 4275 2072 4325 iu·

1253 4364 1326 4436 genii
1345 4365 1460 4418 tenuitas
1477 4361 1619 4416 resistebat
1644 4359 1751 4415 Fuoiam
1771 4370 1859 4414 temen
1876 4361 2073 4430 imposterum,

1253 4463 1281 4504 nt
1299 4446 1444 4502 modestum
1463 4457 1533 4500 tunm
1551 4461 1694 4499 censuram
1712 4461 1756 4498 ure
1772 4461 1827 4498 uon
1845 4462 1922 4516 segre
1941 4447 2052 4500 intusum
2062 4481 2070 4508 ,

1254 4533 1409 4605 experieris.

1448 4694 1526 4751 SOU
1544 4695 1616 4752 1)Εο
1633 4697 1664 4750 0.
1683 4697 1722 4750 Μ.
1740 4694 1884 4751 umuli.
