4418 6266
229 249 281 325 esp

675 239 725 295 DE
743 238 839 298 JUlill
856 230 1101 292 PthSEWhE
1119 229 1156 284 lif
1174 229 1346 286 nanetus.

1748 231 1803 290 ete

168 355 304 400 :ornantur
326 342 451 413 perversi
476 336 859 408 orientalinm'qnarumdsm
876 335 996 404 gentium
1045 329 1132 401 injur·
1156 330 1189 384 Et
1207 343 1298 394 certe,
1318 345 1388 400 quae
1409 327 1437 384 in
1456 342 1623 404 conspeetu,
1649 335 1696 390 sei
1715 337 1867 406 praesentia
1904 333 1936 388 ιι

177 443 285 494 mores,
306 424 408 494 quihus
426 435 581 495 praesentes
596 423 758 493 peregrinos
779 430 805 473 ιι
822 417 997 471 advenientes

177 513 298 566 advenas
310 525 405 562 omnes
419 527 468 580 pro
485 507 608 562 bostihus
622 506 736 571 bahent,
752 520 787 556 ex
801 503 856 559 sola
872 517 998 570 praesen·

176 599 213 652 tia
225 597 351 648 ιιιιιιιιιι
364 603 389 648 et
400 593 543 658 seruituti,
558 595 613 643 imo
626 591 686 643 neci
700 588 825 654 tradunt,
840 589 860 640 l.
878 587 903 640 5.
923 583 950 657 5.
970 597 997 637 a.

166 680 209 753 ff
222 681 254 734 de
267 691 341 750 capt.
354 685 380 732 ιι
389 679 471 748 postl·
486 678 532 730 cui
546 675 607 728 addi
621 683 709 744 potest
722 670 836 723 Grotius
849 671 868 722 ι.
880 684 907 722 ι.
921 688 945 723 ι.
959 669 997 724 ι5.

124 761 141 812 h
177 762 204 834 5.
219 764 315 815 5.etc.
324 760 385 832 ii.5.
399 761 439 825 ιι.
447 775 517 814 rna.
527 754 805 824 llsctiusetaequitati
814 749 1000 818 conformius,

177 861 271 898 omncs
285 844 410 898 homines
424 861 439 896 a
453 851 528 896 reatu
541 851 567 896 ιι
579 857 668 912 poena
678 839 783 890 liberos
797 836 1000 908 pronunciare,

124 925 143 978 h
178 947 248 1001 qnos
267 931 296 982 iu
317 931 418 982 delicta
436 944 493 981 non
516 928 688 982 consensisse
708 935 822 978 constat.
840 925 1001 992 Sequuntur

181 1014 251 1066 hane
264 1014 397 1084 justitiam
412 1014 492 1068 etiam
506 1011 538 1065 tt.
552 1013 668 1075 eiviles,
682 1007 783 1078 quihus
797 1009 947 1062 rectissime
965 1005 1001 1060 ob

180 1098 479 1152 deiectumconsensus
495 1097 572 1148 nulla
592 1111 681 1166 poena
701 1111 751 1146 nec
771 1094 843 1146 actio
856 1094 1000 1146 constituta

181 1195 220 1238 ιιι
232 1185 365 1238 adversus
380 1185 460 1249 iilos,
473 1183 520 1252 qni
533 1189 691 1251 praesentes
707 1197 722 1230 a
741 1177 900 1246 rapt'crihus
919 1187 945 1232 et
963 1180 1002 1230 la-

182 1269 309 1325 tronibus
322 1269 521 1322 circumdatum
535 1283 589 1318 noo
605 1265 726 1333 eripiunt
738 1296 747 1322 ‚
759 1262 856 1316 Glossa
869 1263 897 1317 in
911 1265 930 1317 ι.
944 1265 1002 1318 ιιι-

129 1368 143 1420 t
177 1371 215 1424 pc
227 1362 311 1410 caret.
323 1355 372 1407 bo.
375 1351 417 1424 ,ᾖ
427 1353 460 1406 de
472 1371 495 1406 r.
505 1349 530 1422 p'.
545 1350 622 1402 Paul.
638 1349 672 1402 de
685 1347 771 1402 Castr·
792 1348 830 1402 cd
846 1348 868 1403 ι.
877 1346 907 1417 s
925 1364 951 1400 c·
970 1345 1002 1400 de

180 1435 222 1490 his
242 1437 315 1506 quid.
337 1441 367 1488 ιι
385 1434 493 1504 indign.
508 1433 575 1484 Sola
594 1446 713 1498 namque
731 1429 900 1497 praesentia,
921 1429 1001 1482 sicuti

184 1519 288 1568 nnllam
305 1516 408 1570 inducit
422 1515 618 1584 obligationem
632 1515 664 1566 ad
676 1510 1002 1576 faciendum,itanullsm

181 1617 292 1670 quoque
306 1598 389 1650 infert
404 1597 624 1652 ratihabitionem
640 1606 665 1649 et
684 1612 846 1649 consensum
864 1595 898 1647 ad
916 1595 1004 1646 delin-

180 1686 337 1754 quendum,
355 1686 407 1737 uisi
428 1684 596 1738 contrarium
617 1693 705 1752 pateat
726 1699 760 1734 ex
780 1683 1002 1736 circumstantiis.

130 1772 145 1826 8
187 1771 258 1824 llinc
273 1769 346 1820 omni
362 1769 560 1838 proculdubio
575 1767 650 1820 aliud
665 1766 904 1837 pronunciandum
919 1767 1006 1835 foret,

183 1857 282 1908 sicum
297 1855 449 1925 praesentia
463 1861 536 1905 certa
554 1850 702 1919 quendam,
723 1851 787 1902 licet
806 1849 944 1904 levissima
964 1851 1005 1903 in-

130 1950 146 2003 ⁹
183 1937 338 1994 tercederet
358 1935 501 2006 obligatio.
519 1936 592 1990 Sane
604 1933 658 1988 hoc
672 1951 738 1988 casn
759 1943 828 1986 esset
849 1931 1002 1998 homicida,

182 2025 231 2092 qui
247 2037 378 2092 praesens
397 2022 521 2090 perituro
535 2035 589 2072 oon
608 2027 800 2083 succurreret,
820 2033 871 2068 nee
889 2015 923 2068 ad
941 2017 1006 2069 alte-

184 2121 246 2158 rum
261 2104 436 2174 eripiendum
451 2105 573 2156 emortis
593 2101 737 2172 periculo,
760 2115 853 2152 omnes
873 2101 947 2150 vires
965 2097 1008 2148 in-

114 2205 148 2240 so
186 2187 327 2244 tenderets
342 2185 621 2256 docente'lireqn.tr.
634 2187 667 2240 de
677 2201 843 2254 puers-ocus·
859 2182 903 2248 ιι,
913 2199 1007 2253 quem·

184 2272 333 2326 admodum
352 2273 391 2339 is,
410 2271 457 2340 qni
485 2272 613 2325 alimenta
639 2267 781 2339 egentibus
806 2267 935 2337 denegat,
962 2281 1007 2318 ne·

186 2376 253 2414 care
264 2359 381 2424 dicitur,
390 2377 414 2412 c.
428 2357 454 2410 6.
467 2355 494 2430 5.
508 2357 556 2410 ilii
568 2357 664 2412 etium.
676 2357 714 2408 Χ.
727 2355 761 2408 de
773 2355 873 2408 domic.
889 2355 910 2408 ι.
928 2369 1010 2406 neco·

184 2461 226 2500 re·
242 2445 268 2510 l·
278 2443 312 2515 ff.
331 2444 365 2498 de
384 2458 497 2514 ogrsosc.
518 2454 546 2495 ιι
563 2442 605 2497 ιι.
625 2439 677 2496 lih.
695 2441 759 2493 item
778 2440 805 2512 5.
828 2455 871 2490 ro.
891 2441 958 2494 inst·
975 2438 1009 2494 de

184 2542 262 2597 susp.
283 2535 364 2582 tate.
385 2525 432 2578 ubi
452 2535 543 2591 tutor,
561 2525 608 2594 qui
629 2541 761 2596 praesens
781 2532 874 2592 negat,
896 2531 1010 2595 propter

188 2612 309 2682 inopiam
322 2612 448 2664 alimenta
467 2625 549 2680 posse
568 2610 698 2677 decerni,
720 2609 900 2662 remittendus
918 2608 1010 2662 estad

119 2701 146 2738 ¹¹
187 2693 359 2765 praefectum
372 2693 451 2746 orbis
466 2693 628 2762 puniendus.
642 2694 704 2745 hlia
718 2692 817 2744 horum
831 2693 954 2744 omnium
968 2709 1011 2744 rs·

183 2781 226 2832 lio
240 2795 295 2832 non
308 2786 364 2842 est,
378 2793 459 2845 qnam
472 2777 547 2846 quod
560 2786 717 2847 praesentes
726 2816 734 2843 ,
743 2777 790 2846 qui
802 2779 846 2830 vel
858 2778 955 2844 jurare
964 2779 1011 2830 vel

188 2875 281 2919 vetare
295 2873 407 2932 possunt
416 2881 446 2916 sc
462 2861 562 2918 debent
574 2909 578 2922 ,
592 2863 615 2914 si
628 2860 682 2914 boc
698 2861 1011 2928 intermittant,videsu·

186 2955 232 2999 tur
245 2948 403 3001 consentire
416 2956 442 3001 ιι
455 2945 530 3014 quod
542 2953 648 3014 gestum
663 2953 716 3011 est,
732 2942 902 3009 ratihabere,
914 2943 1011 3013 Carpe.

182 3028 359 3102 filim-fif·
373 3047 400 3092 p.
419 3046 442 3083 ι.
455 3046 480 3082 c.
498 3029 606 3101 ¹t·do‘-
620 3028 663 3094 ιι.
685 3047 716 3084 ιι.
735 3029 763 3082 8.
782 3025 815 3082 d.
833 3047 857 3083 e·
874 3026 901 3080 li·
918 3028 945 3103 5.
964 3029 1014 3082 illi

188 3115 285 3168 eriam.
297 3131 322 3168 c·
336 3125 471 3184 punctae·
485 3113 530 3185 47.
543 3115 578 3168 de
587 3125 708 3168 sentent.
722 3131 828 3170 excom.
843 3113 934 3181 qualis
946 3129 1010 3164 con·

119 3211 152 3247 sa
187 3212 283 3250 sensus
297 3195 330 3249 ah
343 3197 360 3249 J
363 3197 412 3250 ctis
424 3200 559 3268 appellari
573 3201 642 3252 solet
654 3215 797 3254 consensus
810 3199 1010 3270 nrpfigentioe,

191 3295 254 3332 cnm
268 3280 329 3348 quis
345 3281 390 3334 vel
405 3280 530 3334 facienda
543 3282 627 3352 fugit,
641 3283 689 3334 vel
701 3281 833 3350 fugienda
853 3281 933 3347 facit,
954 3283 1010 3336 vid.

189 3365 305 3422 Barbos.
321 3364 464 3436 Locuplet·
478 3387 540 3426 cone
556 3385 709 3424 consensus·
723 3365 795 3421 Gaii.
810 3367 843 3420 de
853 3385 922 3434 poce
930 3367 1012 3435 publ.

120 3444 152 3498 ⁸3
187 3466 213 3502 ι.
234 3466 259 3502 ι.
280 3469 310 3504 ιι.
331 3450 376 3522 47.
396 3449 584 3518 Quamobrem
602 3453 677 3504 nibil
697 3467 811 3522 prorsus
832 3453 958 3514 interest,
978 3467 1011 3502 sn

189 3533 390 3604 ipsedominus
402 3551 515 3589 serrum
533 3536 690 3600 necaverit,
709 3551 743 3586 ιι
762 3549 817 3585 ιιι
837 3531 1013 3602 prohibuerit

189 3617 336 3682 occidere,
350 3634 430 3690 expr.
444 3627 509 3674 text.
525 3621 552 3672 in
572 3623 593 3673 l.
608 3621 634 3674 ri
649 3637 749 3678 ιιιιιιι.
763 3615 842 3689 ²·ff·
861 3617 893 3672 de
912 3621 1012 3674 cocat.

190 3715 249 3756 sacr.
264 3703 284 3755 l.
299 3703 344 3768 45.
356 3703 395 3756 ael
405 3703 427 3756 l·
442 3703 530 3774 epuii.
548 3702 622 3755 idem
641 3705 721 3756 etiam
742 3712 798 3767 est,
816 3702 878 3771 ipse
896 3701 1012 3754 adducas

191 3787 320 3842 ancilium
340 3793 366 3839 et
384 3788 547 3856 prostituas,
565 3801 597 3838 an
616 3785 730 3856 patiaris
749 3801 808 3838 esse
827 3787 1012 3857 prostitutam,

192 3893 255 3930 cuaa
267 3889 397 3944 praesens
410 3874 500 3944 possis
513 3873 636 3927 eximere
664 3875 685 3927 ι.
699 3873 856 3944 imperator.
868 3892 893 3946 7.
902 3874 1015 3944 quirine

123 3961 154 4028 ιι
192 3978 316 4016 monam.
329 3957 430 4010 Eadem
450 3959 519 4009 ratio
531 3967 589 4010 erat
601 3958 671 4022 iuris
685 3959 798 4022 vetcris,
815 3975 872 4026 quo
884 3959 961 4011 nulla
974 3959 1013 4009 di·

190 4045 336 4099 stinctione
348 4037 439 4091 habita
451 4042 864 4107 superquatitatepraesentiae,
879 4041 1015 4107 simplici-

190 4139 233 4182 ter
246 4127 344 4181 ultimo
356 4122 497 4194 supplicio
512 4120 730 4192 subjiciebantur
743 4121 818 4174 servi
831 4159 839 4188 ,
859 4123 907 4191 qui
926 4122 1016 4175 domi·

191 4213 234 4264 tais
246 4216 357 4279 praesto
370 4205 496 4271 fuerant,
511 4214 538 4259 et
550 4204 685 4257 auxilinm
698 4215 795 4258 eontra
808 4203 1014 4274 prohibendum

193 4293 350 4366 pericnlum
365 4306 421 4344 non
436 4289 635 4360 praebuerant,
654 4289 712 4360 hs.
729 4309 754 4343 c.
772 4286 810 4344 de
828 4291 874 4344 bis
893 4291 966 4362 quid.
987 4299 1017 4346 ιιι

123 4375 156 4436 ,i
194 4375 285 4447 castig.
298 4374 442 4443 Siquidem
462 4375 575 4426 omnino
593 4373 723 4426 censendi
741 4382 805 4426 sunl
822 4372 915 4427 favere
927 4373 1017 4427 delin-

194 4456 358 4530 quentibus,
379 4459 427 4526 qut
450 4475 511 4510 cum
527 4468 636 4527 possunt
649 4469 674 4511 ιι
686 4456 800 4525 dehent,
814 4456 960 4514 manifesto
977 4471 1016 4514 ta·

193 4561 256 4600 ιιιι
270 4543 389 4597 facinori
403 4539 520 4595 obsitare
532 4542 675 4610 desinunt,
688 4551 749 4596 sunt
767 4543 853 4597 verda
865 4540 896 4596 d.
909 4561 934 4598 c.
948 4540 974 4596 6.
986 4543 1012 4618 5.

194 4630 241 4684 illi
253 4628 349 4682 eriossa.
364 4627 400 4679 Χ.
412 4625 445 4680 ιιι
459 4625 587 4680 homicid.
603 4625 673 4678 hdd.
686 4626 781 4680 Parin.
796 4643 822 4701 q.
842 4631 902 4684 sas.
921 4647 951 4682 ss.
972 4647 1015 4700 59.

195 4712 306 4768 lessius
317 4707 354 4764 ιιι
362 4709 388 4782 f.
400 4720 427 4763 et
437 4709 462 4778 1'.
476 4711 497 4764 ι.
511 4723 537 4761 a.
550 4711 694 4781 e.9.duh.
712 4711 754 4763 ri.
769 4730 799 4764 n.
822 4711 868 4776 43.
882 4729 932 4766 ιιι
944 4712 1019 4765 dics-

193 4812 272 4862 mus,
285 4796 360 4866 qnod
375 4795 460 4864 magis
474 4792 564 4846 adhuc
578 4803 633 4861 est,
649 4795 728 4847 illum
744 4794 844 4863 jubere
863 4807 887 4850 et
907 4796 1018 4850 manda·

102 4907 106 4912 ·
196 4899 245 4947 ιι,
256 4881 304 4949 qni
320 4895 450 4950 praeeant
458 4921 468 4948 ,
480 4895 542 4931 cnm
557 4889 646 4948 potest
660 4887 685 4931 et
699 4878 781 4932 dehet
798 4881 949 4950 impedite,
970 4899 1018 4952 pa·

125 4971 158 5028 sb
193 4967 272 5021 titur.
285 4964 332 5017 ste
340 4964 465 5030 domina,
477 4953 646 5034 anep'ctest
658 4963 779 5018 modeste
791 4964 962 5018 verbersudo
971 4983 1016 5018 an-

197 5051 289 5106 cillam
304 5047 464 5117 corrigere,
476 5047 499 5100 si
515 5049 633 5118 patiatur
645 5047 790 5116 perfilium
805 5047 1018 5116 verberare,vi·

194 5136 276 5187 detur
294 5129 437 5185 mandasse
458 5132 491 5182 ad
509 5133 672 5202 promissam
699 5134 918 5202 correctionem,
936 5133 1016 5186 dlex.

124 5235 157 5286 ις
193 5217 294 5276 eonsll·
306 5213 554 5287 73·Gsrd.'l'usch.
567 5217 655 5272 conci.
667 5221 755 5286 procl.
770 5213 831 5268 603.
845 5216 889 5268 lit.
899 5238 928 5286 p.
944 5217 1019 5269 ttio-

196 5319 257 5356 rnm
270 5301 449 5354 bonestorum
463 5299 586 5352 virorum
602 5299 754 5367 praesentis
768 5301 884 5352 multum
897 5300 1020 5368 aliqnan-

193 5388 230 5440 do
242 5385 350 5440 confert
369 5381 401 5436 ad
421 5381 571 5450 augendam
590 5383 684 5436 delicti
704 5382 928 5452 magnitudinem,
948 5381 1017 5436 Nam

196 5471 331 5539 praetoris
354 5469 383 5521 in
408 5475 577 5536 conspectu,
601 5483 634 5518 an
660 5467 688 5518 in
712 5465 880 5532 solitudine,
899 5463 967 5520 facts
986 5466 1019 5520 sit

198 5551 315 5618 injuria,
330 5550 444 5604 multum
457 5549 583 5601 internata
596 5550 660 5617 quin
674 5549 796 5600 atrocior
809 5548 857 5599 illa
878 5557 930 5612 ιιι,
950 5563 1018 5616 qnae

197 5633 226 5686 ht
239 5633 267 5686 io
285 5643 452 5704 conspeetu,
474 5648 523 5702 per
544 5632 626 5686 verba
641 5635 659 5686 ι.
672 5640 793 5702 praetor.
809 5649 834 5706 p.
848 5630 875 5705 5·
889 5634 916 5688 8.
927 5630 968 5703 ff
986 5633 1019 5688 da

1048 415 1135 486 ipsius
1149 416 1283 489 principis
1297 417 1519 484 committuntur,
1539 418 1677 474 acerrime
1693 437 1803 491 semper
1812 439 1864 490 pu·

1048 499 1103 551 uiri
1125 499 1238 566 debent,
1263 499 1394 568 quonism
1418 501 1555 572 principis
1573 519 1718 573 personam
1739 505 1867 560 omnihus

1048 584 1245 638 sanctissimam
1260 593 1285 636 et
1299 583 1485 638 venerabilem
1507 605 1565 640 esse
1585 599 1702 660 oportet.
1716 590 1818 657 Unde,
1835 591 1871 643 li·
1909 600 1938 654 19

1049 680 1092 723 ιιι
1105 669 1234 723 omnibus
1249 670 1310 720 aliis
1324 671 1392 722 loeis
1406 673 1522 738 sanctis,
1537 689 1607 742 qnae
1619 676 1749 743 princepe
1769 675 1870 729 violari

1049 751 1125 807 nefas
1138 769 1198 806 esse
1212 756 1288 819 vult,
1300 763 1374 806 certa
1387 757 1473 808 soleat
1494 754 1566 825 affigi
1585 762 1666 816 solco
1683 758 1802 830 ,urrais
1822 774 1869 812 seu

1049 839 1157 908 signum
1170 855 1232 889 cnm
1248 839 1430 908 inscriptione
1443 842 1519 908 pecie
1532 843 1680 912 publicae,
1698 845 1819 914 llarppr.
1834 846 1873 898 nd

1048 921 1074 996 5.
1094 941 1135 976 ιι.
1144 921 1169 992 1⁸.
1179 920 1218 975 cle
1227 940 1250 976 r.
1263 919 1321 981 dic·
1342 941 1371 976 ιι.
1391 941 1436 980 at·
1456 942 1512 994 quo
1533 928 1715 980 constituatur
1733 944 1786 996 pax
1807 927 1874 982 hur·

1049 1009 1142 1078 gensis
1154 1005 1207 1062 der
1218 1005 1404 1082 Bargsriede,
1425 1019 1450 1062 ιι
1470 1011 1532 1062 ιοιι
1551 1011 1599 1062 ista
1618 1010 1652 1063 ab
1671 1010 1746 1064 omni
1765 1013 1872 1065 scelere

1051 1103 1075 1146 et
1090 1093 1191 1160 injuria
1203 1092 1351 1145 reddantur
1365 1094 1511 1146 immunia:
1525 1095 1591 1162 ipsis
1604 1103 1693 1147 tamen
1712 1095 1869 1166 principum
1906 1106 1940 1142 2⁰

1050 1177 1159 1246 palatiis
1172 1186 1196 1228 ιι
1210 1176 1508 1244 residentiisejnsmodi
1523 1180 1600 1246 signa
1614 1176 1727 1248 affigere
1738 1193 1871 1249 opusnou
1935 1247 1939 1254 ι

1051 1271 1103 1324 ιιι,
1118 1277 1180 1312 cnm
1198 1261 1246 1313 tali
1268 1261 1421 1314 securitatis
1435 1260 1585 1331 privilegio
1602 1262 1658 1330 jam
1672 1277 1721 1329 per
1732 1278 1762 1314 sc
1776 1272 1800 1314 et
1823 1277 1870 1312 na·

1049 1353 1109 1396 tura
1119 1359 1167 1394 sua
1179 1344 1329 1413 gaudeant,
1342 1344 1445 1394 etiamsi
1459 1343 1527 1395 baec
1541 1360 1596 1393 ιοιι
1617 1343 1814 1414 adpendautur.
1827 1344 1870 1398 lbi
1907 1353 1937 1389 ²¹

1053 1429 1124 1480 enim
1141 1425 1288 1490 securitas,
1302 1423 1349 1476 uhi
1364 1425 1500 1496 principis
1515 1436 1552 1479 est
1572 1429 1742 1497 praesentis,
1761 1427 1808 1482 ubi
1827 1447 1875 1482 cu-

1052 1512 1110 1576 ris,
1122 1528 1183 1582 arg.
1198 1513 1218 1564 l.
1233 1529 1288 1566 non
1300 1523 1344 1566 ιιι
1356 1511 1515 1569 verisimile.
1526 1511 1618 1582 siff
1630 1510 1704 1584 pand
1717 1527 1781 1568 mee.
1794 1529 1872 1568 cous.

1053 1597 1074 1648 l.
1091 1613 1115 1648 ι.
1129 1614 1153 1648 ι.
1168 1593 1272 1660 dedis,
1292 1597 1340 1668 pai
1355 1613 1405 1666 per
1422 1606 1485 1650 met.
1500 1595 1560 1666 jud.
1576 1598 1679 1665 Mylcr.
1699 1596 1732 1649 ab
1750 1595 1874 1654 Ehreuh.

1052 1680 1085 1733 de
1094 1681 1212 1748 princip.
1230 1695 1258 1735 ιι
1275 1694 1342 1735 stat·
1362 1683 1427 1746 imp.
1446 1699 1515 1734 rom·
1535 1683 1600 1736 Ger.
1612 1701 1640 1747 p.
1654 1697 1681 1735 a.
1695 1699 1721 1736 c.
1737 1684 1781 1736 hs.
1800 1682 1827 1755 5.
1848 1685 1874 1737 5.

1055 1763 1170 1833 llering.
1182 1765 1216 1818 de
1225 1763 1282 1834 jur.
1302 1761 1381 1834 ιιις.
1399 1783 1421 1818 c.
1447 1781 1470 1815 ι.
1491 1764 1589 1836 hloys.
1611 1765 1690 1818 llice.
1708 1763 1798 1822 decis.
1817 1784 1875 1820 cur·
1906 1827 1909 1834 ¹

1054 1849 1175 1917 archiep.
1188 1866 1267 1918 neop-
1282 1848 1368 1902 decis.
1380 1847 1445 1912 ιιι.
1458 1865 1488 1902 n.
1503 1851 1530 1902 5.
1550 1850 1699 1902 secundnm
1714 1849 1784 1902 illud
1802 1865 1877 1903 com·

1055 1935 1261 1989 munerabileo
1270 1933 1367 2004 pedem
1376 1933 1450 2002 tigit,
1465 1944 1571 1986 caetera
1581 1934 1875 2001 animaliaqniescnnt,

1056 2017 1195 2071 Kuicben.
1213 2016 1252 2072 de
1266 2017 1328 2091 jure
1345 2035 1465 2090 eapern.
1480 2033 1525 2089 ²7·
1539 2017 1584 2070 aa.
1597 2037 1624 2074 c.
1645 2020 1671 2083 4-
1691 2015 1878 2086 Quamobrem
1915 2023 1951 2063 ²2

1057 2104 1126 2156 nulli
1140 2103 1283 2154 bominum
1298 2104 1405 2156 licitum
1419 2103 1487 2167 erit,
1503 2103 1529 2152 in
1542 2105 1693 2156 electorum
1707 2103 1879 2172 principum·

1060 2204 1092 2240 se
1106 2186 1260 2240 residentiis
1271 2187 1419 2240 temerario
1432 2203 1500 2238 ausu
1508 2186 1624 2240 alterum
1633 2186 1789 2254 offendere,
1798 2185 1879 2257 quip-

1058 2287 1093 2340 pe
1106 2287 1176 2340 quac
1188 2271 1248 2340 ipso
1259 2270 1335 2338 jure,
1351 2270 1389 2322 uti
1404 2268 1524 2336 dictum,
1537 2269 1666 2340 burgensi
1676 2287 1743 2342 pace
1752 2280 1811 2324 sunt
1822 2287 1881 2323 nru-

1059 2356 1150 2417 oitaec
1165 2363 1191 2408 ut
1207 2352 1272 2405 hinc
1285 2355 1391 2406 nullum
1405 2357 1438 2407 sit
1457 2351 1590 2420 dubium,
1609 2370 1690 2425 posse
1709 2356 1777 2408 tales
1795 2355 1881 2408 delin-
1917 2345 1952 2403 ιι

1058 2449 1173 2506 quentes
1184 2438 1368 2508 corporaliter
1381 2453 1410 2490 v.
1423 2455 1449 2491 c.
1468 2454 1564 2490 manns
1582 2439 1781 2510 amputatione,
1799 2441 1881 2508 quale

1060 2525 1217 2594 exemplum
1230 2523 1314 2576 refert
1328 2521 1425 2593 Carpe.
1438 2542 1480 2592 pr.
1493 2525 1574 2578 crim.
1589 2543 1616 2596 ᾳ.
1632 2525 1676 2590 ιο.
1690 2541 1719 2578 ss.
1741 2523 1785 2578 ³3.
1806 2526 1879 2592 imo,

1059 2622 1112 2676 pro
1124 2606 1219 2659 delicti
1239 2607 1386 2675 qualitate,
1404 2607 1503 2674 capitis
1526 2607 1606 2658 etiam
1628 2623 1718 2676 poena
1737 2608 1837 2677 plecti,
1857 2611 1877 2662 l.

1057 2713 1150 2750 suern.
1164 2712 1191 2764 9.
1205 2693 1231 2767 5.
1245 2694 1272 2746 3.
1291 2690 1328 2749 de
1339 2710 1394 2748 rer.
1408 2692 1459 2748 div.
1478 2689 1509 2750 d.
1530 2695 1550 2747 l·
1566 2706 1685 2762 praetor.
1706 2711 1731 2766 7.
1751 2693 1778 2768 5.
1797 2695 1824 2748 8.
1842 2691 1881 2747 de

1060 2778 1147 2848 injur.
1161 2777 1222 2832 llic.
1235 2777 1285 2831 eir.
1302 2777 1356 2830 loc.
1375 2778 1506 2846 quoniam
1525 2781 1601 2848 pacis
1620 2778 1747 2850 publicae
1765 2781 1881 2833 violato-

1062 2879 1105 2916 res
1120 2863 1247 2916 videntur
1261 2862 1289 2914 in
1303 2864 1390 2933 ipsius
1403 2863 1538 2933 principis
1552 2873 1735 2932 contemptum
1751 2863 1882 2934 deliquis-

1062 2964 1109 3014 ιι,
1122 2957 1147 3000 ιι
1159 2946 1278 3000 debitam
1292 2949 1476 3000 reserentiam
1496 2947 1641 3015 ademisse,
1655 2947 1775 3001 Fritscb.
1789 2947 1822 3002 de
1832 2965 1882 3019 pro·

1063 3034 1111 3087 ιιιι.
1125 3050 1149 3084 c.
1166 3046 1208 3084 sa.
1222 3030 1324 3102 Myler.
1339 3030 1372 3083 ab
1384 3029 1508 3086 Ehrenh.
1519 3049 1545 3085 c.
1561 3035 1582 3086 l.

1097 3115 1234 3184 Quoniam
1247 3127 1334 3169 autern
1349 3114 1417 3167 illud
1431 3116 1651 3170 inviolsbilitatis
1663 3117 1706 3185 jus
1717 3125 1801 3172 tolum
1814 3132 1875 3171 sese
1909 3116 1945 3180 24

1063 3201 1203 3254 fundatio
1224 3199 1392 3252 sanctissima
1412 3199 1549 3268 principie
1574 3201 1744 3267 praesentia,
1763 3200 1884 3253 dubitari

1063 3295 1186 3355 poterat,
1200 3301 1233 3335 sn
1245 3282 1299 3336 hoc
1313 3291 1339 3335 et
1352 3292 1417 3334 tunc
1432 3283 1541 3350 palatiis
1552 3291 1704 3352 competat,
1717 3283 1739 3334 si
1752 3283 1884 3352 princeps

1063 3371 1147 3424 fuerit
1160 3369 1271 3428 ιιιιιιιιι
1286 3368 1524 3437 undequaeritur:
1539 3371 1626 3436 anqui
1641 3368 1668 3418 in
1678 3367 1886 3438 absentiaprin·

1063 3455 1133 3525 cipis
1147 3455 1262 3506 alterum
1277 3453 1475 3523 provocaverit
1489 3454 1532 3506 vel
1546 3454 1615 3505 reali
1627 3451 1754 3506 affecerit
1766 3455 1882 3523 injuria,

1064 3553 1150 3606 aeque
1170 3537 1289 3606 graviter
1311 3535 1465 3604 puniendus
1485 3536 1532 3600 sit,
1555 3551 1638 3604 quam
1655 3536 1721 3601 illo,
1740 3537 1787 3604 qni
1805 3552 1885 3606 prae

1063 3633 1139 3676 sente
1158 3623 1286 3693 principe
1311 3623 1338 3672 in
1365 3620 1513 3672 residentia
1532 3622 1588 3673 tale
1606 3618 1672 3687 quid
1692 3619 1886 3690 perpetravit?

1064 3701 1146 3773 Quod
1159 3709 1276 3758 caeteris
1288 3704 1399 3774 paribus
1414 3703 1465 3756 hac
1486 3705 1548 3757 vice
1565 3703 1755 3757 affirmandum
1775 3714 1832 3769 est,
1850 3704 1888 3755 ai-

1064 3791 1176 3860 quidem
1189 3790 1261 3843 idem
1274 3789 1420 3854 delictum,
1434 3788 1557 3840 eamdem
1570 3797 1825 3858 meretnrpoenam.
1835 3786 1888 3839 l’a·
1922 3779 1955 3829 ²5

1066 3879 1106 3930 cis
1119 3875 1246 3945 publicae
1262 3876 1412 3928 violatores
1425 3881 1503 3940 sunt,
1517 3881 1543 3928 et
1557 3875 1631 3944 pacis
1644 3873 1788 3942 burgensis
1801 3873 1888 3926 viola·

1065 3972 1107 4015 tae
1126 3978 1242 4030 poenam
1262 3960 1327 4012 inde
1346 3961 1502 4025 incurrant,
1522 3960 1657 4027 seqniturs
1680 3957 1752 4010 nihil
1771 3972 1885 4027 prorsus
1922 3934 1958 3988 ²⁶

1066 4044 1204 4106 obstante,
1219 4041 1292 4110 quod
1301 4045 1429 4111 princeps
1436 4043 1621 4110 corporaliter
1634 4041 1726 4110 quoad
1740 4055 1885 4110 personam

1066 4145 1140 4180 ruam
1154 4125 1237 4188 absite
1254 4143 1316 4178 cum
1331 4141 1459 4194 praesens
1472 4124 1653 4176 nibilominus
1669 4125 1702 4176 sit
1719 4121 1811 4194 quoad
1829 4124 1888 4175 sni·

1067 4225 1155 4274 muna,
1169 4209 1260 4276 quosd
1273 4207 1395 4274 curiam,
1410 4207 1502 4276 quoad
1514 4209 1692 4259 volontatem.
1706 4205 1782 4259 Sicut
1797 4213 1887 4258 autem
1922 4203 1954 4258 ²7

1067 4296 1094 4345 in
1113 4292 1244 4346 civilibus
1262 4307 1371 4362 semper
1397 4290 1483 4359 magis
1508 4289 1670 4341 attendimus
1693 4288 1727 4340 sd
1750 4288 1886 4353 animum,

1066 4394 1147 4446 quam
1162 4377 1194 4429 sd
1208 4393 1325 4446 corpus,
1337 4377 1421 4445 magis
1434 4375 1467 4425 sd
1479 4373 1669 4440 domicilium,
1686 4389 1767 4441 qaam
1785 4373 1819 4424 ad
1837 4389 1888 4425 nn·

1067 4462 1128 4512 dam
1140 4476 1276 4530 personae
1290 4457 1478 4524 existentiam,
1499 4456 1538 4509 uti
1556 4473 1614 4522 cap.
1639 4475 1663 4508 ι.
1676 4455 1779 4510 dixisse
1793 4457 1888 4510 memi-

1067 4547 1175 4597 nimus:
1189 4546 1225 4598 its
1237 4554 1264 4598 ιι
1276 4542 1321 4595 hic
1334 4541 1469 4613 principis
1483 4539 1636 4608 praesentis
1654 4542 1760 4594 ratione
1771 4540 1889 4593 inviola-

1068 4625 1375 4696 bilitatisnegandsnon
1388 4633 1441 4688 ιιι,
1456 4623 1513 4676 vid.
1522 4621 1694 4680 Fritschmie.
1703 4625 1724 4678 l.
1738 4623 1889 4692 llincopti-

1069 4725 1111 4762 me
1122 4709 1215 4764 dicunt
1229 4705 1322 4762 Gallis
1341 4709 1368 4761 le
1385 4725 1433 4779 roy
1451 4715 1493 4759 est
1507 4718 1566 4760 tons
1576 4707 1642 4778 jour
1660 4725 1678 4762 ι
1698 4707 1727 4759 ιι
1744 4725 1818 4762 coar.
1839 4707 1889 4760 llis
1923 4685 1958 4738 ²3

1067 4793 1176 4848 tandem
1190 4803 1213 4846 ιι
1229 4792 1283 4844 boc
1296 4791 1418 4855 accedit,
1438 4790 1514 4858 quod
1531 4791 1639 4860 singola
1657 4792 1719 4843 loca
1737 4807 1805 4862 pace
1823 4789 1890 4842 hur·

1069 4879 1146 4946 gensi
1159 4877 1277 4938 munita,
1296 4875 1389 4944 qualia
1408 4877 1491 4928 etiam
1509 4885 1571 4928 sunt
1590 4875 1769 4944 residentiae,
1783 4877 1889 4928 nullam
1980 4919 1982 4922 .

1070 4961 1209 5029 requirant
1223 4956 1366 5011 hominum
1380 4959 1579 5028 praesentiam,
1599 4977 1686 5028 seque
1704 4961 1734 5014 in
1752 4959 1889 5026 absentia,

1069 5063 1149 5116 quam
1164 5045 1320 5115 praesentia
1331 5081 1339 5108 ,
1352 5053 1444 5097 sancta
1456 5059 1568 5113 semper
1580 5043 1718 5099 habenda.

1104 5130 1258 5183 Enimvero
1272 5128 1361 5198 probe
1375 5130 1566 5198 distinguenda
1576 5131 1825 5186 suntaresideutiis
1839 5135 1887 5190 illa
1924 5142 1959 5194 ἰ(ι

1070 5219 1130 5269 ιοιι
1140 5257 1148 5279 ,
1158 5214 1204 5266 ubi
1220 5231 1297 5283 reges
1306 5223 1331 5267 et
1340 5216 1488 5280 electores,
1503 5212 1547 5265 vel
1562 5213 1645 5266 animi
1659 5215 1749 5266 solum
1762 5231 1890 5271 recrean-

1069 5301 1098 5352 di
1112 5315 1192 5350 causa
1204 5296 1354 5349 subsistere
1371 5305 1593 5361 consueverunt,
1612 5299 1658 5349 vel
1678 5299 1786 5353 itineris
1805 5305 1890 5357 confi-
1956 5283 1958 5288 ,

1070 5383 1160 5438 ciendi
1176 5382 1262 5452 gratis
1276 5390 1428 5436 morantur.
1442 5385 1518 5435 llaec
1538 5383 1610 5434 enim
1629 5384 1690 5436 loca
1709 5400 1806 5453 pacem
1824 5386 1891 5441 bur-
1928 5377 1960 5428 3⁰

1071 5485 1180 5537 pensem
1194 5482 1249 5518 non
1263 5477 1487 5536 consequuntur,
1499 5468 1891 5542 nisiqustenusprincepsibi-

1070 5552 1131 5605 dcm
1145 5551 1225 5605 fuerit
1238 5565 1381 5622 praesens,
1401 5551 1484 5604 lilart.
1504 5551 1610 5621 Maper.
1627 5551 1660 5608 de
1677 5553 1769 5610 adsoc-
1790 5567 1891 5610 armos.

1070 5657 1095 5695 c.
1116 5641 1157 5694 15.
1170 5656 1198 5691 rs.
1213 5636 1256 5708 93.
1271 5633 1312 5686 Eo
1327 5651 1395 5688 aero
1408 5635 1519 5688 absente
1532 5637 1595 5690 talis
1610 5639 1709 5692 iterum
1721 5639 1788 5692 flunt
1796 5679 1806 5706 ,
1824 5656 1890 5710 qua·
