4442 6308
341 370 392 434 4¹9
904 339 1095 395 DISPUTAT.
1113 339 1162 394 1x.
1184 293 1301 393 estut
1321 339 1367 396 vt.
1876 333 1929 398 444

292 473 409 519 tantam.
429 471 453 512 t.
471 476 493 511 c.
515 456 586 512 rande
605 451 649 516 oi,
669 455 740 503 notat
760 447 787 502 14
806 463 854 512 44,
871 439 919 518 qui
938 436 1048 512 propria
1066 453 1111 487 ao·
1161 453 1275 508 pesum
1292 437 1361 490 hane
1386 433 1419 490 ad
1442 432 1624 498 creditorem,
1642 431 1690 504 qni
1709 429 1738 484 in
1754 429 1834 485 bonis
1852 428 1983 482 debitoris

288 548 414 604 ctoritate
432 545 488 609 rei,
509 543 538 594 14
555 559 606 612 qua
624 541 667 607 jus
685 532 835 606 quaesitum
854 525 948 590 habet,
967 519 1112 594 possessio·
1162 520 1336 598 constitutum
1356 521 1551 592 possessorium
1569 519 1664 583 habet,
1684 527 1711 571 et
1730 526 1839 589 propter
1858 512 1924 568 illud
1943 511 1985 563 in·

291 649 354 686 444444
370 627 560 701 apprehendit·
571 625 687 692 Utraque
699 620 807 672 illarntn
820 616 908 682 legum
921 609 1031 664 abusum
1045 605 1115 656 hunc
1164 606 1245 660 travit
1257 609 1467 676 possessionem,
1480 606 1619 677 pertinere
1632 603 1771 656 existimo.
1786 619 1810 654 a.
1823 598 1867 652 do.
1882 598 1987 650 Brnnn.

292 716 438 771 amissione
454 715 523 783 juris
541 708 653 782 quaesiti
672 707 764 778 ponit,
778 699 821 754 cui
840 693 991 765 iosopesd·
1003 689 1020 742 1.
1036 701 1060 740 1.
1072 704 1114 740 44·
1164 687 1203 741 od
1219 689 1245 742 d.
1264 690 1293 742 u.
1313 693 1379 746 Meu
1405 710 1431 756 p.
1452 701 1475 742 4.
1493 691 1521 744 d.
1542 700 1602 742 244.
1626 689 1703 742 Sicut
1721 698 1747 740 et
1765 687 1794 738 in
1815 684 1933 740 saxonia
1950 681 1986 734 il-

294 801 496 863 stimationem,
516 797 538 850 si
560 795 599 848 rei
619 793 721 846 alienae
739 783 935 859 possessionem
950 773 1118 844 occupaverit
1165 772 1250 823 larum
1270 773 1357 842 legum
1374 772 1571 828 observantiam
1588 779 1667 843 negat
1685 767 1811 841 carpzov.
1827 785 1855 838 p.
1869 776 1894 820 4.
1907 783 1930 818 4.
1946 778 1988 820 44.

228 889 258 930 ³⁸
298 886 429 954 creditor,
448 879 613 956 possessioni
631 871 810 932 restituendae
833 865 917 922 addit.
942 861 1002 918 Nou
1029 870 1117 912 tamen
1166 855 1194 908 d.
1208 867 1249 909 44.
1263 874 1291 908 η.
1306 865 1330 906 4.

967 1017 1216 1095 CAPUT
1263 1017 1324 1086 Vl.

832 1213 891 1282 De
915 1204 1023 1274 abusu
1046 1201 1266 1270 auctoritatis
1283 1202 1453 1296 publicae.

535 1415 558 1466 d*
579 1413 608 1466 tl
622 1409 658 1462 M
673 1405 709 1458 M
722 1403 751 1456 A
770 1402 795 1456 u
814 1401 833 1454 1
850 1401 877 1452 A
1166 1387 1246 1442 lando
1258 1389 1381 1444 sacerdos
1394 1388 1517 1442 abutitur
1535 1406 1645 1443 munere
1657 1407 1719 1453 sno:
1732 1405 1786 1442 non
1800 1387 1880 1450 haec,
1894 1386 1993 1458 quippe

1167 1471 1199 1522 ad
1218 1488 1285 1540 quae
1303 1473 1343 1524 uti
1361 1471 1545 1543 prohibendo,
1559 1474 1598 1525 sic
1617 1471 1780 1542 propalanda
1801 1479 1915 1524 tenetur.
1934 1470 1993 1521 hle·
2032 1465 2046 1508 1

297 1583 446 1658 Digrersio.
459 1601 487 1636 n·
505 1591 527 1634 t.
1170 1558 1248 1608 noch.
1266 1557 1376 1626 quidem
1394 1557 1488 1611 arbitr.
1499 1557 1562 1630 jod.
1580 1569 1684 1628 quaest.
1695 1571 1753 1610 car.
1768 1565 1827 1607 444.
1840 1554 1887 1625 qui
1900 1553 1932 1606 de
1945 1553 1993 1605 hae

298 1669 410 1724 Diuisio
424 1664 597 1722 auctoritatis
605 1659 740 1732 publicae.
752 1674 779 1709 n.
794 1664 818 1706 4.
1169 1643 1281 1693 materia
1293 1642 1405 1694 omnino
1424 1641 1475 1710 legi
1496 1653 1626 1706 meretur,
1646 1643 1675 1693 in
1693 1641 1801 1694 delictis
1819 1641 1993 1692 committeu-

301 1757 459 1828 Quopupst„
472 1754 575 1808 apum,
587 1746 708 1801 minimi
720 1739 871 1798 000105500?
884 1757 912 1790 η,
927 1749 951 1790 a,
1168 1725 1211 1777 dis
1230 1723 1377 1778 revelandis
1390 1726 1458 1778 hanc
1471 1724 1690 1778 consessionariis
1709 1725 1836 1778 cautelam
1854 1725 1992 1790 suggerit,

302 1841 446 1910 erornodo
460 1839 533 1892 eirca
544 1849 644 1889 munus
654 1831 780 1884 4414414444·
791 1822 917 1879 ecclesias
929 1821 1061 1875 abutatur
1069 1833 1120 1869 au·
1171 1818 1199 1860 441
1212 1809 1339 1861 delictum
1358 1808 1466 1878 quidem
1480 1811 1705 1862 committendum
1719 1810 1854 1877 revelent,
1868 1825 1920 1860 non
1935 1825 1996 1860 4444

334 1922 458 1976 030753023
471 1920 543 1973 wa?
555 1938 583 1972 η,
600 1927 625 1968 a,
639 1929 665 1969 5,
679 1928 702 1968 4,
719 1926 743 1966 4,
1170 1903 1322 1960 auctorem,
1336 1912 1385 1959 44,
1399 1893 1423 1946 41
1436 1895 1482 1946 1114
1493 1893 1564 1948 14444
1582 1905 1731 1948 4444444444
1749 1904 1842 1961 neget,
1861 1903 1889 1945 et
1907 1887 1996 1944 absol·¹

304 2008 449 2078 Quomodo
463 2009 534 2059 circa
545 1997 728 2072 dignitatem?
741 2015 767 2050 rr.
781 2006 806 2047 t.
1172 1989 1264 2044 441444,
1282 1996 1387 2050 gravem
1409 1979 1548 2032 inimicum
1569 1980 1757 2050 expensatum
1771 1995 1821 2046 qua
1834 1987 1921 2029 tamen
1935 1993 1996 2027 cau·

302 2093 483 2166 Magistratus
496 2088 572 2142 abuti
582 2096 670 2158 potest
680 2081 845 2137 auctoritate
854 2075 972 2147 publico.
984 2091 1011 2125 n.
1025 2080 1050 2122 4.
1174 2065 1227 2117 1414
1242 2065 1331 2116 minus
1344 2081 1406 2117 eom
1419 2081 1509 2117 cavere
1522 2067 1703 2117 conscientiae
1714 2065 1776 2132 quis
1790 2079 1843 2116 uon
1857 2061 1998 2130 41414414.)

303 2179 365 2247 Quo
379 2173 510 2232 ratione?
523 2193 550 2225 n.
566 2187 607 2227 44.
1172 2147 1383 2218 Usurpationem
1397 2149 1521 2200 illicitam
1535 2157 1561 2200 et
1574 2148 1738 2219 prohibitam
1751 2163 1842 2200 rerum
1854 2161 1998 2206 sacrarum,

306 2261 452 2333 Quomodo
464 2261 535 2314 circa
549 2268 626 2312 actus
639 2273 698 2310 cum
709 2251 818 2325 priuato
831 2241 1010 2300 communes?
1022 2257 1048 2292 n.
1065 2246 1106 2292 44.
1174 2249 1198 2284 4.
1212 2249 1237 2300 g.
1250 2231 1273 2283 si
1288 2231 1320 2283 ad
1335 2232 1474 2299 sortilegia
1493 2231 1599 2286 eosdem
1618 2232 1762 2299 adhibeat,
1773 2230 1820 2301 qni
1834 2231 1931 2285 abusos
1946 2247 1999 2282 non

301 2349 390 2400 Actus
396 2342 600 2416 jurisdictionis
612 2341 816 2409 distinguuntur
829 2332 860 2385 in
871 2339 949 2383 octos
953 2322 1123 2402 jurisdictio·
1176 2315 1356 2384 depositionis
1380 2319 1487 2382 solnm,
1507 2317 1553 2370 red
1571 2329 1596 2371 et
1614 2318 1749 2387 sacrilegii
1775 2334 1887 2388 poenam
1914 2314 1999 2368 inlert

336 2429 379 2482 nis
391 2425 570 2482 voluntariae
581 2435 608 2478 et
620 2424 815 2477 eorttentiosoe.
826 2436 855 2468 rs.
870 2426 910 2469 ts.
1173 2415 1230 2466 urg.
1249 2415 1313 2450 coa.
1334 2408 1360 2449 4.
1379 2415 1454 2452 caus.
1477 2411 1518 2451 tt.
1539 2419 1584 2469 pu.
1611 2411 1636 2452 4.
1663 2401 1737 2455 Paul.
1756 2399 1892 2454 Grilland.
1911 2411 1947 2452 tr.
1966 2400 2000 2452 ds

304 2508 606 2585 Quomodojudiwm
619 2503 786 2564 “adoram
803 2519 856 2558 m
873 2500 1005 2554 upupam
1014 2491 1127 2570 judex?
1177 2479 1299 2550 sortilep.
1319 2499 1364 2550 qu.
1386 2492 1427 2534 44.
1444 2499 1474 2534 n.
1496 2491 1520 2536 t.
1538 2493 1617 2537 tract.
1636 2486 1695 2538 vol.
1718 2485 1826 2556 44.]41.
1845 2499 1888 2539 so.
1904 2485 2001 2552 Digni·

338 2618 367 2656 n·
385 2613 425 2654 η.
1177 2572 1230 2616 4444
1249 2580 1311 2616 vero
1324 2580 1370 2615 sna
1383 2563 1504 2618 abutitur
1523 2567 1651 2622 minister
1667 2571 1796 2625 ecclesiae
1814 2587 1843 2622 44
1863 2569 2002 2623 tractando

307 2686 452 2758 Quomodo
463 2684 538 2739 epm
551 2677 763 2738 amedeum?
774 2694 803 2728 n·
817 2682 857 2728 Η,
1177 2649 1301 2717 negotia,
1320 2665 1387 2718 qnae
1397 2651 1428 2702 in
1442 2650 1520 2702 laicis
1536 2652 1658 2719 laudern,
1672 2655 1701 2706 in
1714 2654 1821 2708 clericis
1838 2654 2004 2726 vituperium

308 2771 452 2841 Quomodo
466 2771 540 2822 cim
553 2763 737 2820 comp-pampas
753 2781 779 2814 ,,,
798 2769 838 2811 4,,
855 2770 896 2811 ¹5,
915 2765 954 2808 ῃ,
1179 2744 1333 2800 merentur,
1351 2746 1431 2805 puta,
1445 2735 1467 2787 si
1481 2737 1652 2790 venationem
1666 2750 1795 2791 exerceat.
1809 2738 1952 2808 Distingno
1967 2747 2007 2790 ta·

308 2857 449 2926 Quomodo
464 2855 536 2909 cirea
549 2842 868 2920 consequentiojudicii?
880 2861 908 2896 n.
925 2851 965 2892 44.
1179 2837 1239 2872 111111
1259 2821 1331 2874 111141·
1348 2821 1515 2876 mellonem
1534 2822 1655 2877 crebram
1668 2834 1696 2876 et
1708 2823 1851 2895 voluptatis
1868 2841 1946 2876 4444.
1961 2824 2004 2876 ia.

309 2941 455 3012 Quomodo
470 2937 644 3010 oppositione
653 2933 806 3002 sigillorum
817 2926 875 2998 qais
888 2921 1034 2980 abutatur?
1044 2939 1072 2978 44,
1088 2931 1127 2974 aa,
1177 2907 1315 2972 stitutum,
1333 2918 1361 2964 et
1381 2909 1456 2962 inter
1474 2910 1642 2962 venationem
1663 2909 1813 2977 modicam,
1833 2910 2007 2977 valetudinis,

309 3023 455 3095 Quomodo
470 3021 617 3090 imp-pnsum
631 3013 831 3088 mmmm?
842 3031 871 3065 η,
886 3022 930 3063 20,
943 3021 985 3062 ῃ,
1179 2993 1355 3048 recreationis
1374 2994 1415 3048 rel
1432 2996 1601 3048 necessitatis
1617 3013 1697 3048 44444
1710 3003 1869 3066 susceptam.
1882 2996 1929 3047 llla
1945 3013 2008 3066 pro·

310 3106 455 3178 Quomodo
474 3103 640 3176 ponderpbm
650 3113 676 3156 ep
689 3099 839 3162 mmm-5,
858 3095 1008 3165 apumque
1020 3091 1070 3146 ,44.
1081 3107 1130 3159 pu.
1180 3076 1268 3132 hibita
1285 3078 1398 3144 4144144,
1417 3079 1453 3133 144
1473 3089 1502 3132 44
1518 3095 1631 3134 censura
1649 3081 1825 3134 ecclesiastica
1843 3089 1959 3144 notetur,
1978 3087 2007 3132 et

342 3196 437 3250 niam
445 3193 460 3244 p
470 3211 499 3247 rt.
511 3199 552 3243 22.
568 3199 610 3244 23.
626 3197 668 3240 24·
1182 3163 1323 3234 episcopos
1346 3163 1456 3234 quidem
1483 3164 1571 3218 tribus
1596 3165 1735 3218 mensibus
1760 3184 1775 3218 4
1798 3165 2008 3229 communione,

1182 3249 1326 3320 presbyter
1346 3247 1470 3312 duobus,
1489 3248 1617 3302 diaconus
1634 3251 1667 3304 ab
1686 3249 1761 3304 omni
1779 3246 1873 3304 4114414
1891 3266 2006 3320 suspen·

309 3307 380 3418 Sub
397 3359 564 3418 morium
582 3357 703 3431 public„
721 3355 780 3409 ,ὼ
798 3355 933 3425 sugemem
953 3363 1030 3420 „epe
1046 3349 1132 3402 κομι.
1182 3333 1276 3399 datnr,
1296 3351 1359 3386 can.
1379 3343 1405 3386 4.
1422 3334 1483 3386 dr'st.
1504 3343 1547 3384 st.
1566 3351 1590 3385 c.
1613 3347 1635 3386 t.
1654 3335 1689 3386 Χ.
1707 3333 1741 3386 de
1758 3335 1822 3387 cler.
1842 3344 1935 3388 44444.
1951 3334 2005 3385 414·

309 3449 358 3501 mp
377 3448 489 3501 abusum
510 3463 588 3500 mmo
605 3443 686 3498 pac-pe
704 3436 811 3493 infici„
830 3439 1131 3505 pperit‚qu0m1„men‚
1182 3422 1231 3474 rici
1246 3419 1276 3474 in
1290 3420 1442 3474 minoribus
1460 3419 1605 3474 ordinibus
1617 3421 1759 3474 constituti
1777 3419 1892 3474 arbitrio
1910 3419 2009 3488 judicis

308 3530 441 3602 quomodo
458 3531 517 3599 ju„
536 3537 628 3582 nom„
647 3527 764 3580 sepem„
790 3526 856 3577 Μή,
880 3521 1025 3589 neppam,
1043 3519 1133 3571 pinu.
1185 3509 1341 3576 puniantor.
1367 3504 1476 3560 Modica
1502 3523 1565 3558 vero
1589 3505 1723 3576 permissa
1734 3543 1744 3573 ,
1764 3524 1787 3560 4.
1805 3503 1931 3558 Menoch.
1949 3505 1974 3554 el.
1994 3505 2010 3553 t.

260 3631 272 3670 2
314 3635 381 3670 mos.
395 3614 489 3669 Dividi
509 3614 576 3668 solet
593 3613 738 3666 4444441444
756 3607 862 3679 publica
880 3609 910 3658 in
928 3603 1133 3658 ecelesiasticam
1184 3608 1240 3646 1111·
1261 3601 1321 3646 111·

238 3755 242 3762 ,
310 3715 335 3754 44
352 3701 467 3752 44441444
479 3721 508 3762 o,
524 3699 570 3750 illa
588 3696 659 3748 circa
678 3710 764 3758 44444,
778 3692 845 3744 14444
863 3691 933 3744 circs
952 3687 1061 3760 prolana
1081 3687 1122 3740 rei
1219 3677 1404 3745 Megltlt'fllum
1423 3673 1531 3728 11111111
1549 3678 1624 3744 iure.
1642 3671 2010 3746 1101111111111111111111111

313 3783 438 3856 publicae
452 3783 554 3852 negotia
572 3789 709 3842 44444444,
729 3778 776 3829 1114
791 3792 872 3846 penes
884 3775 1039 3844 episcopum
1051 3773 1134 3826 44414.
1182 3763 1333 3832 quaesitum
1346 3760 1440 3824 habet,
1458 3760 1532 3813 abuti
1548 3777 1640 3830 posse,
1653 3762 1671 3812 1.
1687 3771 1728 3812 42.
1741 3769 1768 3812 44
1781 3756 1869 3829 unffi
1883 3759 1914 3812 de
1927 3759 2012 3830 injur.

314 3867 587 3938 41444444414144444,
600 3864 756 3933 buecpcnes
769 3860 939 3929 magistratus
953 3857 1106 3911 4141144444.
1185 3857 1212 3899 11
1229 3857 1332 3917 11111111
1350 3847 1410 3898 11111
1428 3844 1583 3915 (1101111111
1603 3847 1697 3915 1111111
1715 3844 1943 3898 111111111111111111
1964 3843 2011 3896 ah·
2076 3878 2089 3906 o

349 3951 474 4004 illinistri
494 3947 621 4002 ecclesiae
637 3945 736 3999 abusus
754 3947 793 4000 vel
812 3945 949 3996 concernit
968 3959 1076 4006 munus,
1095 3941 1136 3996 vel
1184 3949 1262 3985 nsum
1280 3933 1360 3984 istum
1382 3931 1486 3984 meliori
1505 3929 1601 3982 ordine
1619 3929 1779 3996 exhibeant,
1803 3929 1943 3996 distinguo
1967 3931 2010 3982 iu·

315 4037 484 4106 pignpffiem·
504 4032 544 4085 Ad
563 4034 641 4084 plum
655 4031 746 4083 serem
759 4029 813 4101 (4,)
827 4027 1037 4098 lncfepflfiougm
1053 4043 1136 4080 44444.
1187 4029 1228 4070 444
1239 4024 1328 4080 actus,
1341 4015 1386 4085 qni
1400 4016 1571 4085 magistratui
1585 4033 1644 4068 cnm
1659 4015 1763 4086 privato
1775 4031 1929 4068 communes
1941 4026 2013 4078 snut,

315 4123 446 4186 dotalem,
458 4137 524 4190 quac
537 4119 561 4168 41
575 4117 667 4170 debito
684 4114 763 4167 modo
780 4112 953 4178 adhibentur,
966 4111 1071 4164 landem
1085 4127 1138 4164 rne-
1187 4111 1213 4154 44
1232 4103 1306 4154 inter
1324 4112 1394 4154 actus
1409 4099 1594 4171 jurisdictioni
1614 4101 1747 4171 proprios.
1763 4098 1803 4150 dd
1815 4099 1925 4152 illorum
1943 4097 2008 4150 ahu-

316 4219 397 4260 retur.
410 4203 462 4256 Ubi
476 4215 561 4258 antem
575 4199 649 4254 verbi
664 4199 752 4253 divini
764 4197 888 4252 minister
901 4213 953 4249 non
967 4195 1137 4260 divinorum,
1188 4202 1247 4238 sum
1267 4183 1371 4250 relevo,
1385 4185 1456 4255 quod
1473 4184 1539 4238 olim
1559 4201 1665 4254 praeses
1683 4183 1850 4254 prouinciae,
1862 4201 1929 4252 neq;
1945 4182 2014 4252 ipse,

320 4289 363 4341 sed
377 4289 466 4359 pravis
477 4285 739 4353 affectibnsagitatos
749 4282 910 4351 neglectisqg
924 4279 1136 4332 admonitionum
1186 4289 1256 4342 ncq3
1276 4287 1322 4340 per
1333 4271 1415 4334 41144,
1433 4285 1483 4322 444
1499 4268 1639 4323 domestici
1652 4272 1709 4338 ejus
1727 4286 1787 4322 cnm
1802 4267 2016 4338 provincialibus

317 4373 443 4442 gradihus
461 4371 612 4442 quempiam
631 4381 740 4441 propter
757 4376 861 4438 peccatu
873 4366 914 4418 vel
926 4375 1020 4418 contra
1038 4364 1137 4434 purita·
1184 4355 1340 4412 contrahere
1352 4355 1503 4424 potuerint,
1518 4369 1565 4424 per
1577 4355 1617 4408 tit.
1628 4371 1652 4406 c.
1666 4355 1698 4408 de
1710 4349 1933 4427 contrad-judic.
1948 4371 2015 4423 pro-

320 4472 372 4510 tem
392 4456 540 4518 4144441444,
559 4456 601 4508 441
619 4456 689 4508 41444
706 4454 872 4506 honestatem
887 4451 1030 4504 commissa
1051 4447 1138 4502 verbis
1186 4454 1243 4515 pter
1256 4451 1357 4495 metum
1368 4438 1566 4502 concussionis,
1578 4455 1612 4491 ne
1624 4437 1775 4493 4411441444
1787 4439 1828 4493 441
1840 4438 1931 4492 4111441
1950 4455 2012 4508 prs·

318 4541 459 4608 iniuriosis
477 4559 491 4593 4
510 4549 634 4608 suggesto
655 4535 821 4608 proscindat,
839 4541 956 4598 constat,
974 4532 1086 4588 abusum
1105 4530 1138 4582 il·
1190 4529 1230 4581 tio
1247 4526 1426 4597 provinciales
1445 4541 1488 4578 res
1511 4541 1570 4577 snus
1589 4525 1708 4576 vendere
1732 4535 1846 4594 cogant,
1865 4540 1913 4595 per
1930 4526 1950 4576 1.
1972 4537 2014 4578 44.

319 4633 374 4682 lum
401 4645 484 4699 poena
511 4627 672 4694 injuriarum
699 4624 829 4678 vindicari
847 4621 865 4672 l.
887 4632 930 4673 44.
949 4630 976 4672 44
996 4614 1089 4685 suff.
1108 4615 1140 4668 de
1190 4607 2020 4682 44141414,444441444444444444444444444444441444-

317 4716 403 4785 injur.
422 4713 485 4766 add.
504 4710 598 4782 Carpe.
610 4709 730 4782 jurispr.
747 4709 857 4760 44444144.
875 4707 893 4758 1.
914 4718 938 4757 4.
957 4707 999 4756 tit.
1012 4715 1036 4755 s.
1054 4703 1080 4754 d.
1095 4711 1138 4752 44.
1193 4695 1351 4750 trimonium
1369 4711 1429 4746 curn
1448 4693 1607 4764 provinciali
1626 4693 1788 4746 contrahere
1805 4709 1860 4748 non
1876 4698 2019 4764 potnerit,

318 4815 375 4869 sqq.
393 4797 446 4868 (4.)
465 4797 666 4852 Revelationem
687 4793 779 4858 111144,
798 4789 868 4862 qood
893 4789 947 4858 ipsi
973 4786 1025 4840 sub
1047 4786 1141 4854 sigillo
1191 4790 1220 4834 et
1238 4779 1374 4851 sponsalia
1393 4777 1443 4832 snb
1468 4795 1498 4831 44
1524 4785 1629 4830 tantum
1655 4778 1828 4844 conditione,
1846 4789 1877 4833 nt
1895 4779 2021 4850 deposito

319 4883 493 4937 confessionis
513 4881 565 4934 fuit
583 4879 785 4942 concreditum,
805 4878 848 4929 cni
868 4875 962 4928 abusui
982 4889 1035 4924 non
1055 4872 1140 4924 solum
1195 4865 1356 4934 magistratu
1382 4863 1577 4918 ratihabitione
1598 4860 1842 4930 confirmarentur,
1861 4864 1916 4918 vid·
1937 4867 1954 4917 1.
1974 4878 2018 4919 44.

319 4987 380 5023 444.
398 4967 530 5021 sacerdos.
551 4975 575 5016 4.
588 4965 613 5017 d.
625 4961 725 5032 poenit.
745 4963 806 5014 dist.
823 4971 847 5013 t.
863 4977 919 5026 cop.
932 4955 1026 5008 omnis
1044 4955 1140 5011 utrius·
1183 4950 1224 5022 ff
1236 4951 1270 5004 de
1282 4968 1305 5003 r.
1318 4967 1346 5002 n.
1365 4949 1420 5002 441.
1434 4967 1481 5002 un.
1495 4951 1632 5002 esireat.
1649 4965 1728 5020 prou.
1747 4947 1818 5020 qnod
1836 4949 1971 5015 actiones,
1992 4943 2019 5002 si

321 5075 380 5122 qne.
409 5063 449 5105 42.
476 5051 510 5102 Χ.
533 5050 567 5101 de
590 5049 693 5117 poenit.
718 5058 744 5100 et
768 5046 871 5099 remiss·
897 5040 1021 5096 Oulinat.
1047 5039 1142 5092 eccles.
1191 5053 1256 5105 quas
1277 5033 1444 5104 rnugistrstus
1463 5031 1616 5104 provinciae
1633 5045 1727 5087 contra
1745 5034 1924 5104 provinciales
1937 5035 2019 5088 luhe-

321 5141 397 5192 elect.
417 5137 514 5191 Saron.
534 5143 587 5188 art.
607 5144 680 5200 gent.
700 5144 722 5183 4.
741 5137 762 5193 §.
782 5131 830 5184 alt.
855 5145 946 5198 graves
971 5142 1069 5198 poenas
1089 5126 1142 5177 mi·
1196 5129 1253 5187 ret,
1274 5119 1387 5171 durante
1406 5117 1563 5187 magistratu
1576 5119 1722 5172 instituere
1741 5135 1795 5171 non
1814 5128 1918 5190 poterat
1938 5121 1957 5172 1.
1980 5133 2036 5172 44.·

324 5236 421 5284 44444,
442 5223 488 5273 sed
508 5229 536 5272 et
553 5222 610 5288 juro
630 5216 811 5270 revelantibus
829 5231 936 5267 omnem
955 5210 1038 5264 fidem
1058 5212 1140 5264 dene·
1185 5205 1227 5278 ff.
1245 5209 1279 5262 de
1296 5203 1346 5275 off.
1362 5221 1454 5271 praes.
1473 5204 1573 5259 Civiles
1593 5205 1706 5274 quidem
1724 5207 1805 5277 plane
1824 5223 1878 5259 nun
1897 5207 2022 5278 poenales

326 5321 401 5378 gasat:
422 5307 486 5358 inde
503 5306 569 5356 licet
588 5302 713 5356 ecclesiae
738 5301 864 5353 minister
882 5320 896 5352 a
914 5299 1004 5366 judice
1027 5298 1143 5350 interro·
1194 5291 1428 5356 44144144144144,
1447 5307 1516 5362 qnae
1534 5291 1752 5362 praescriptione
1770 5293 1860 5365 perire
1879 5302 2025 5361 poterant,

324 5405 415 5460 gattis,
436 5389 587 5444 consessura
615 5388 667 5439 sibi
694 5403 769 5440 reum
789 5401 846 5438 4444
865 5385 994 5438 delictum
1012 5379 1143 5450 ailirmet,
1197 5377 1331 5448 usquead
1350 5378 1411 5429 11114
1430 5378 1656 5431 contetltllonem
1677 5375 1702 5429 d·
1721 5375 1740 5428 l·
1761 5388 1802 5429 ts.
1821 5375 1918 5447 infin·
1939 5373 2023 5429 Porro

326 5479 389 5528 haec
407 5489 495 5529 tamen
515 5476 601 5545 ipsius
621 5471 754 5542 depositio
777 5485 827 5523 nec
851 5467 1018 5531 attenditur,
1038 5483 1086 5520 nec
1105 5469 1148 5520 iu·
1196 5465 1266 5538 quod
1281 5466 1417 5534 potentior
1437 5481 1522 5533 neque
1541 5461 1854 5534 presumptuosorum,
1875 5478 2028 5532 neqneces-

325 5563 429 5613 dicium
448 5563 480 5614 nd
502 5571 629 5614 torturam
650 5557 728 5609 iacit:
747 5573 808 5608 cunr
827 5553 962 5606 consessio
979 5553 1093 5605 1114444
1107 5571 1147 5605 ss·
1200 5553 1240 5604 sio
1257 5547 1326 5618 juris
1345 5549 1375 5600 in
1393 5565 1454 5600 eum
1474 5544 1534 5599 11441
1554 5549 1692 5620 potnerit,
1708 5543 1762 5602 vid.
1783 5547 1801 5600 1.
1823 5557 1845 5598 t.
1864 5557 1891 5600 et
1913 5559 1936 5600 4.
1951 5565 1975 5601 e.
1990 5565 2025 5597 ne

329 5648 446 5712 cerdon,
464 5647 512 5698 sed
530 5648 587 5700 Deo
608 5645 675 5698 iacta
694 5653 848 5702 censeatur,
868 5659 891 5691 v.
910 5639 1033 5692 blenoch.
1047 5639 1065 5690 l.
1078 5649 1101 5690 4.
1115 5637 1148 5689 de
1201 5638 1245 5690 lic.
1257 5645 1364 5701 potent.
1376 5643 1482 5703 patroc.
1498 5631 1566 5704 ttug.
1578 5643 1683 5701 praest.

334 5742 501 5800 praesumpt.
519 5739 792 5798 passuro-spo.
815 5724 1039 5791 Distinguendum
1059 5734 1148 5776 tamen
1237 5722 1316 5790 Quod
1336 5731 1408 5772 actus
1426 5717 1608 5786 jurisdictioni
1636 5719 1761 5791 proprios
1785 5719 1946 5782 concernit,
1965 5719 2025 5772 illos
2064 5739 2096 5779 η

327 5817 370 5868 hic
381 5829 419 5870 est
431 5829 499 5870 soter
513 5816 608 5868 delicta
619 5813 760 5868 commissa
769 5809 987 5865 etcommitteuda
1001 5831 1008 5878 ;
1021 5811 1066 5864 illa
1079 5823 1149 5865 rere·
1203 5823 1294 5862 rursus
1314 5805 1453 5875 distinguo
1476 5803 1505 5857 in
1530 5813 1606 5858 actos
1624 5804 1823 5873 jurisdictionis
1845 5804 2024 5872 voluntariae,
