4406 6290
403 267 435 324 55
974 257 1167 320 ntsrurtr.
1191 263 1228 320 ll.
1247 265 1362 326 CAPUl'
1380 269 1402 327 l.
1594 275 1597 282 ’
1951 271 1986 326 58

347 359 513 449 praesenti
537 357 766 430 dissertatione
790 361 949 430 exhibere
972 359 1125 427 animum
1151 359 1364 442 induxerim,
1389 387 1439 430 res
1465 387 1542 431 sero
1564 365 1676 434 ubivis
1699 363 1802 432 lerose
1825 361 1978 447 deserta,
2000 379 2042 432 et’

343 472 361 515 1
388 450 482 517 11111
505 477 543 517 es
570 453 712 544 professo
737 456 844 522 nisio
862 454 1024 548 Loyseou
1049 451 1097 518 du
1113 450 1432 544 deguespusscmcnt
1456 471 1588 522 auctore
1612 456 1748 549 gallico,
1773 457 1833 544 qui
1858 473 1968 522 tamen
1992 455 2035 521 ad

343 563 462 608 manus
485 563 552 609 non
579 543 665 626 luit,
691 559 825 612 tractata
850 549 914 630 sit,
938 543 1073 634 sparsim
1098 545 1196 610 etiam
1223 567 1241 610 1
1272 544 1463 612 doctoribus
1499 547 1686 613 incidenter
1716 547 1876 612 delibato:
1903 548 2034 612 venient

343 650 361 696 1
387 643 440 712 11,
457 633 491 698 b.
517 633 539 700 l.
564 657 616 700 me
641 635 733 702 sacile
758 639 1016 728 impetraturum
1041 633 1191 725 spero,si
1217 655 1285 700 non
1311 639 1346 702 in
1370 636 1527 703 omnibus
1549 637 1663 704 debito
1686 637 1783 703 moda
1799 649 1946 704 versatus
1961 637 2035 702 sue-

343 745 402 803 ro,
425 747 499 789 cunt
525 727 715 820 argumenti
740 727 841 819 hujus
864 745 1012 794 accurata
1037 727 1189 792 tractatio
1213 747 1279 790 non
1306 728 1483 816 jurettem,
1509 729 1564 794 scd
1591 729 1689 820 longo
1721 753 1831 794 rerum
1857 753 1920 794 usu
1945 729 2033 818 peri·

344 829 416 877 tum
440 815 550 906 exigat
574 819 784 922 scriptorem
801 821 917 911 sicque
933 817 1043 910 aliqua
1061 815 1096 880 in
1124 828 1216 906 parte
1240 817 1408 899 erravero,
1425 818 1645 901 humanitati,
1663 843 1762 910 quam
1789 845 1919 886 mecum
1943 834 2034 886 com·

343 927 483 970 munem
507 908 611 998 geris,
637 909 839 998 imputabis,
865 907 955 976 cuod
981 910 1043 972 nisi
1069 905 1199 985 seceris,
1222 905 1387 975 indicabis
1412 921 1445 974 te
1469 911 1635 976 bominem
1663 933 1727 974 non
1754 935 1833 976 osse.

403 995 576 1099 'Sequenti
601 1011 714 1066 autem
737 999 854 1067 ordine
875 936 938 1068 ltoc
962 998 1072 1066 thema
1099 998 1322 1088 pertractabo:-
1342 1011 1379 1064 ut
1402 1025 1474 1090 cap.
1505 1025 1534 1068 r.
1558 999 1599 1066 de
1622 1001 1837 1092 generalibus
1860 1022 2043 1092 agrorum,

343 1084 582 1190 agricolarum,
605 1089 750 1157 locorum
780 1115 820 1158 ue
844 1092 1047 1158 desertorum
1069 1112 1139 1176 cap.
1159 1113 1189 1152 a.
1213 1087 1254 1156 de
1278 1113 1429 1182 agrorum
1457 1095 1490 1156 in
1512 1097 1621 1183 'ugera
1640 1091 1868 1176 distinctione,
1886 1103 1917 1158 ct
1936 1115 2032 1160 men·

344 1189 513 1279 surattone
538 1205 610 1272 cap.
637 1181 667 1247 3.
692 1180 734 1249 de
754 1115 963 1250 desertorum
988 1181 1134 1247 locorum
1159 1183 1392 1270 occupatione,
1415 1195 1448 1246 ct
1473 1118 1723 1272 adjudicatione
1747 1206 1815 1270 cap.
1842 1181 1877 1270 4.
1901 1180 1943 1248 de
1965 1181 2031 1250 col·

344 1263 438 1370 lectis
461 1293 502 1334 ex
526 1268 608 1339 locis
629 1272 766 1340 desertis
790 1273 960 1342 soluendis
981 1295 1052 1362 cap.
1080 1271 1113 1336 5.
1137 1267 1179 1334 de
1204 1272 1487 1359 praestationibus
1509 1275 1731 1341 ecclesiasticis
1755 1298 1793 1338 es
1820 1273 1897 1340 locis
1920 1271 2031 1340 deser·

343 1373 384 1514 ps
407 1382 476 1450 cap.
502 1359 535 1425 b.
559 1362 601 1432 de
624 1363 857 1432 debaccationc
878 1388 949 1456 cap
975 1385 1007 1452 7.
1031 1360 1074 1429 de
1097 1359 1254 1430 remediis
1284 1377 1402 1431 oontes
1427 1363 1617 1432 desertores.
1632 1388 1787 1458 agrorum
1811 1362 2030 1457 competenti·

369 1471 427 1533 us,
451 1463 577 1542 agatur.

1027 1663 1357 1757 111111

563 1911 620 1980 De
643 1909 863 2006 generalibus
884 1935 1047 2006 agrorum
1071 1911 1322 2004 agricolarum,
1344 1912 1564 2007 locorumque
1586 1910 1812 1980 desertorum.

578 2153 601 2206 d
622 2155 650 2208 U
665 2151 702 2208 d!
714 2151 752 2208 d!
764 2151 794 2206 A
812 2152 839 2206 u
856 2151 923 2206 Η
1218 2143 1273 2202 Ubi
1289 2143 1472 2201 inveniantur
1481 2145 1577 2202 rustici
1586 2146 1758 2203 immediati?
1769 2165 1797 2200 n.
1810 2153 1852 2199 tt.

674 2289 677 2298 Ι
1213 2229 1257 2282 De
1270 2227 1381 2300 imperii
1393 2229 1568 2288 distinctione
1580 2231 1609 2288 in
1622 2233 1826 2303 quaterniones.
1840 2247 1864 2282 n.
1880 2239 1924 2283 11.

342 2316 524 2389 Etymolagia
542 2314 676 2372 Varronis
689 2317 798 2391 deagro
812 2334 841 2372 11.
856 2329 877 2371 1.
1215 2317 1291 2382 Quae
1309 2314 1447 2370 distinctio
1467 2316 1492 2369 si
1514 2337 1635 2391 unquam
1643 2317 1824 2390 suitrecepta
1842 2315 1923 2370 leodis
1938 2324 2033 2370 tomen

349 2402 520 2473 Quintiliani.
534 2421 562 2455 n.
576 2413 602 2454 1.
1247 2399 1357 2452 cessat?
1374 2419 1403 2453 n.
1426 2411 1469 2454 11.

344 2488 479 2541 Vocabuli
490 2488 551 2560 agri
561 2488 619 2540 lota
634 2485 763 2552 acceptio.
775 2503 803 2540 n.
817 2497 841 2540 1.
1211 2485 1319 2539 11111111
1334 2485 1448 2541 mediati
1458 2486 1570 2556 duplicis
1587 2497 1652 2544 sunt
1669 2487 1843 2543 conditionis.
1856 2506 1883 2541 n.
1901 2495 1942 2540 tt.

336 2574 430 2626 Prout
443 2571 514 2626 illud
524 2570 597 2639 capit
608 2571 710 2626 Livius.
725 2591 752 2625 n.
765 2581 789 2624 t.
1210 2567 1267 2622 Die
1278 2571 1542 2642 Heresoge-Baureu
1557 2575 1585 2626 in
1599 2575 1708 2628 Suecia.
1718 2593 1744 2628 n.
1760 2585 1799 2628 11.

346 2657 380 2712 eli
387 2657 426 2710 ita
441 2655 579 2727 capiatur,
590 2656 657 2726 quid
667 2658 716 2710 sub
728 2673 757 2710 se
768 2649 1008 2727 comprehendat?
1020 2659 1086 2705 nis.
1215 2654 1416 2722 quotupliciter
1425 2657 1589 2711 sumuntur?
1603 2676 1630 2710 n.
1645 2670 1686 2714 ts.

336 2740 437 2795 Stricta
450 2739 571 2809 acceptio
589 2740 719 2811 ejusdem.
729 2759 758 2795 rs.
774 2752 799 2794 1.
1211 2739 1391 2812 Etymalogiss
1406 2743 1533 2798 cocodrili
1543 2744 1647 2799 deserti.
1661 2765 1686 2799 n.
1702 2755 1745 2798 ts.

337 2829 499 2895 synonyma
513 2825 581 2893 agri.
595 2843 624 2876 n.
637 2835 659 2877 1.
1210 2823 1284 2894 Ejus
1295 2826 1421 2898 saepestt
1434 2829 1534 2882 orrentia
1549 2830 1577 2882 in
1587 2830 1657 2900 jure.
1671 2851 1699 2885 n.
1715 2842 1757 2884 11.

345 2911 489 2980 Quomodo
505 2909 635 2980 suadas,
659 2907 822 2981 praedium,
845 2904 983 2980 possessio
1001 2903 1160 2978 differant?
1211 2907 1286 2974 Quid
1295 2911 1350 2964 sint
1364 2914 1538 2969 desertores?
1550 2935 1578 2968 n.
1595 2926 1636 2968 ts.

373 3013 402 3047 η.
416 3007 439 3050 s,
1209 2991 1243 3042 In
1252 2989 1316 3058 icere
1327 2997 1463 3050 canonico
1477 2999 1546 3068 quid
1554 2997 1632 3052 sint?
1644 3015 1671 3052 rr.
1686 3011 1729 3052 to.

336 3089 386 3141 Ao
401 3085 574 3160 ecquomodo
587 3085 616 3142 tn
635 3082 812 3156 totttosuarts
823 3083 981 3173 commento
1001 3083 1158 3139 tonorum?
1210 3073 1349 3144 “dimit''
1365 3097 1473 3151 quoque
1486 3082 1566 3150 nujus
1585 3083 1614 3136 ir
1631 3083 1691 3156 iura
1710 3082 1925 3155 menttapossto
1936 3081 2027 3137 asoto

373 3191 402 3226 n·
415 3183 441 3226 9·
1242 3179 1271 3214 tl·
1286 3173 1329 3214 bl.

348 3261 437 3316 Caino
451 3259 605 3316 distributio
621 3275 750 3332 agrorum
765 3257 931 3314 attribuitur.
944 3275 973 3312 rr.
991 3266 1030 3312 11.
1208 3244 1333 3298 &mlius
1343 3249 1386 3302 tel
1394 3249 1509 3318 proprie·
1524 3270 1552 3303 u.
1568 3261 1618 3304 st..

334 3349 471 3401 Rornulus
485 3365 581 3417 agrum
595 3343 623 3399 in
636 3356 689 3398 tres
700 3356 793 3413 partes
804 3343 939 3396 distinxit.
955 3362 984 3396 n.
1001 3353 1040 3395 tt.
1214 3329 1266 3382 Vel
1276 3329 1431 3402 improprie.
1444 3351 1471 3387 n.
1486 3348 1529 3388 11.

334 3435 372 3488 Ia
386 3443 427 3486 tas
436 3441 528 3502 partes
546 3430 629 3485 etiarn
646 3431 793 3484 secundum
813 3425 985 3500 Idppodarni
1002 3424 1156 3482 ututtte-
1206 3415 1322 3470 Amlt'ss
1335 3417 1450 3472 deserta·
1464 3437 1490 3472 rt.
1505 3432 1548 3476 11.

371 3537 430 3590 8⁸⁰¹
444 3515 628 3570 diuidebatur,
641 3534 670 3568 n.
682 3525 724 3568 η,
1210 3503 1354 3568 Quomodo
1375 3515 1546 3559 mercatores·
1555 3505 1633 3560 ittam
1651 3515 1795 3562 trutissant
1805 3505 1865 3560 l'rt.
1888 3518 1930 3562 11.

334 3607 415 3672 Ilugo
436 3602 550 3657 Grotius
561 3601 614 3654 tria
627 3617 685 3653 esse
697 3613 826 3670 agrorum
838 3611 940 3665 genera
954 3591 1080 3649 dasena.
1097 3607 1137 3652 11.
1207 3591 1252 3643 De
1270 3601 1391 3659 quatuor
1401 3592 1514 3646 desertis
1531 3593 1560 3646 in
1581 3593 1758 3664 Bitedulgeri.
1778 3613 1806 3647 n.
1827 3605 1868 3647 ss.

343 3688 418 3759 Agri
428 3685 551 3759 arcifinii
561 3685 590 3739 iu
605 3685 687 3740 dubio
699 3691 921 3756 praesumuntur.
934 3700 963 3734 n.
977 3690 1019 3736 tt.
1207 3673 1252 3728 De
1263 3675 1368 3729 deserto
1383 3679 1515 3746 Pampas.
1530 3697 1557 3731 n.
1571 3689 1611 3730 11.

332 3777 412 3844 Ager
421 3788 518 3842 purus.
531 3789 558 3823 n.
576 3781 615 3823 tt.
1206 3759 1271 3812 Non
1290 3769 1330 3812 est
1348 3759 1447 3814 mirum
1466 3761 1502 3814 in·
1515 3763 1655 3817 Ameriae:
1671 3761 1751 3820 bodie
1774 3762 1858 3818 etiam
1887 3761 1952 3818 duri
1968 3763 2030 3818 loca

335 3863 414 3928 Ager
425 3855 546 3912 novalis.
561 3873 588 3908 n.
606 3865 645 3908 11.
1241 3845 1352 3915 proprie
1369 3847 1484 3900 deserta.
1503 3866 1531 3900 n.
1547 3861 1588 3901 ts.

336 3943 413 4016 Ager
427 3939 563 3995 restibilis.
576 3959 604 3993 n.
622 3951 662 3994 11.
1208 3930 1282 3999 (laid
1299 3933 1439 3987 Salviana
1458 3934 1593 3988 desertum
1611 3933 1666 3988 sit?
1686 3953 1713 3988 n.
1731 3944 1775 3988 sss

334 4036 413 4102 Ager
423 4028 592 4082 subsericas.
607 4041 636 4078 n.
651 4035 691 4077 11.
851 4047 853 4054 v
1204 4017 1367 4086 Synonynra
1381 4018 1444 4087 agri
1452 4017 1558 4072 deserti.
1578 4037 1604 4071 n.
1627 4031 1669 4072 so.

219 4093 227 4107 '
334 4121 413 4189 Ag„
423 4111 548 4170 flumin,
564 4128 591 4162 n,
607 4120 657 4163 ts..
1204 4104 1253 4152 An
1273 4099 1348 4154 lacus
1360 4102 1481 4156 desertus
1494 4113 1519 4154 et
1531 4099 1675 4153 derelictus
1687 4099 1722 4154 rit
1733 4119 1816 4156 renum
1828 4099 1934 4170 idemq,
1946 4117 1974 4154 11.
1988 4109 2029 4152 11.

333 4197 569 4274 Agersarrorius.
582 4214 611 4248 n.
626 4205 669 4248 11.
1203 4188 1282 4255 Acer
1292 4188 1413 4242 desertus
1423 4195 1452 4239 et
1461 4182 1706 4256 sterilisdifferuat.
1725 4203 1752 4238 n.
1772 4195 1813 4240 11.

332 4291 426 4342 Arocas
439 4298 512 4356 ager.
524 4299 552 4334 n.
567 4291 609 4332 11.

339 4371 487 4444 Vectigalis
500 4389 574 4442 ager.
587 4387 617 4422 n.
633 4377 674 4420 11.
1205 4303 1271 4410 De
1293 4353 1386 4424 agris,
1406 4353 1521 4412 desertis
1538 4352 1734 4425 acturi,.psncn
1752 4353 1828 4424 prius
1848 4351 1881 4402 de
1898 4350 1985 4422 agris,
2003 4359 2031 4406 et
2071 4353 2079 4393 ¹

333 4462 411 4532 Ager
421 4457 557 4514 tutulatos.
572 4471 598 4506 n.
613 4465 655 4508 11.
1206 4443 1331 4512 agricolis
1342 4445 1371 4496 in
1383 4461 1480 4512 genere
1493 4442 1701 4512 praemittemus.
1719 4437 1882 4493 Vocabulum
1894 4438 1951 4505 egri
1963 4440 2031 4491 Var-

336 4549 413 4618 Ager
428 4544 557 4598 desertus.
571 4560 599 4597 n.
613 4549 659 4592 at.
1209 4547 1239 4582 ro
1255 4529 1303 4582 lib.
1320 4541 1343 4581 t.
1362 4527 1396 4582 de
1412 4529 1490 4582 latin.
1511 4527 1594 4598 liuga.
1607 4529 1641 4580 ab
1652 4525 1752 4598 egendo
1763 4543 1859 4578 scarnen
1879 4523 2029 4576 1111111111-

333 4627 442 4684 Rustici
452 4627 481 4679 in
500 4623 656 4680 Germania
671 4638 747 4688 anno
764 4629 825 4676 111.
837 4631 995 4690 coeperunt-.-
1009 4639 1037 4674 11.
1053 4629 1095 4673 11.
1209 4613 1293 4679 11111,
1311 4615 1387 4684 qussi
1407 4613 1435 4666 in
1454 4629 1532 4684 quam
1553 4623 1651 4665 terram
1677 4609 1799 4664 hornines
1817 4608 1883 4678 qnid
1904 4607 2030 4676 agebunt,

334 4713 380 4767 De
391 4711 518 4767 laudibus
530 4711 724 4780 agriculturae.
736 4725 764 4760 n.
781 4719 822 4761 11.
838 4717 868 4758 11
896 4719 938 4763 11.
954 4718 996 4759 11.
1206 4707 1235 4750 11
1252 4697 1325 4751 assde
1336 4697 1457 4750 vicissim
1478 4696 1543 4768 quid
1561 4699 1682 4767 agebatur
1700 4694 1799 4748 1111111
1812 4711 1901 4746 musa:
1914 4691 1955 4744 oui
1971 4709 2031 4746 sen·

338 4795 498 4856 Melclsioris
510 4793 616 4850 sectati·
624 4799 765 4846 tractatus.
781 4809 808 4845 n.
823 4805 866 4846 so.
1207 4777 1306 4836 tentiae
1324 4779 1471 4834 subscribit
1495 4779 1577 4835 etiam
1597 4779 1692 4832 isidor.
1714 4777 1816 4850 origin.
1840 4777 1887 4831 lib.
1911 4789 1951 4831 11.
1969 4796 2029 4846 cap.

336 4889 474 4953 Begesse
486 4881 615 4954 agricolis
627 4877 721 4934 creati.
731 4897 757 4932 n.
774 4891 816 4934 11.
1212 4879 1250 4922 11.
1271 4865 1420 4920 Christian.
1447 4865 1593 4919 Becmann.
1610 4867 1645 4918 de
1664 4863 1763 4935 origin.
1781 4863 1861 4920 latin.
1880 4863 1964 4932 lingo.
1980 4863 2030 4917 snb

337 4979 374 5030 In
388 4971 534 5026 Corinthia
549 4963 885 5036 ducesecrusticisficti.
897 4985 923 5019 rr.
937 4977 981 5021 11.
1165 4945 1167 4950 “
1210 4969 1283 5006 voce
1302 4967 1377 5021 ager.
1395 4949 1462 5002 Adel.
1481 4948 1587 5004 Gocdd.
1608 4949 1646 5005 ad
1662 4950 1679 5001 i.
1701 4961 1743 5001 11.
1757 4946 1800 5016 ff.
1819 4949 1852 5002 de
1869 4965 1898 5000 o.
1916 4962 1939 4999 s.
1959 4965 1986 4999 n.
2007 4958 2030 4998 1.

1208 5048 1235 5090 11
1252 5035 1291 5091 ad
1307 5037 1324 5089 l.
1347 5046 1407 5090 111.
1431 5035 1457 5089 d.
1476 5051 1505 5088 1.
1526 5050 1548 5086 s.
1567 5052 1595 5085 n.
1615 5045 1640 5088 1.
1664 5032 1850 5102 Quintilianus
1876 5047 1939 5087 sero
1962 5031 2031 5084 hanc
2068 5037 2081 5078 1

1129 5181 1133 5188 ,
1208 5121 1401 5193 Etymologiam
1422 5119 1522 5193 erepit,
1536 5130 1562 5173 11
1576 5119 1649 5172 illam
1668 5117 1807 5172 deducite
1825 5115 1929 5171 Graeco
1942 5115 2025 5186 cippis

1206 5219 1234 5262 et
1250 5208 1284 5262 sb
1306 5209 1393 5278 ἀγειν,
1412 5207 1445 5260 11)
1464 5204 1581 5274 agendo,
1599 5202 1714 5267 arando,
1729 5201 1870 5266 vertendo,
1883 5201 1946 5271 quia
1959 5217 2030 5254 sesn-

334 5059 505 5129 Improbitas
518 5057 689 5112 rusticorum.
704 5075 732 5110 n.
750 5067 792 5108 11.

337 5148 465 5220 Desuper
475 5143 561 5200 Meoii
573 5143 708 5215 querelae.
721 5160 749 5196 n.
764 5151 805 5197 11.

336 5231 450 5288 Donati
460 5229 556 5284 rrutici
567 5226 720 5299 descriptio.
731 5244 759 5278 n.
775 5238 817 5280 ss.

336 5315 491 5374 deditiones
503 5333 522 5368 a
533 5314 642 5368 rusticis
654 5319 754 5365 motae.
769 5327 796 5362 n.
811 5319 854 5362 11.
1206 5313 1256 5368 pes
1274 5296 1302 5348 in
1321 5313 1354 5350 eo
1369 5292 1471 5366 aliquid
1492 5291 1594 5345 fructus
1611 5288 1735 5361 capiendi
1751 5307 1829 5342 causa
1847 5285 1879 5340 tir
1898 5301 1924 5342 et
1942 5289 2031 5356 agitne

335 5403 421 5460 cette
457 5401 606 5458 Malleolus
638 5409 662 5451 1.
687 5396 789 5468 gradus
819 5389 982 5446 rusticorum
1007 5385 1157 5444 constituit.
1207 5391 1252 5436 aut
1269 5379 1311 5450 agi
1331 5389 1420 5450 potest
1436 5378 1454 5430 l.
1479 5387 1500 5429 t.
1518 5374 1604 5430 instit.
1618 5383 1691 5429 orat.
1710 5390 1734 5427 a.
1756 5385 1778 5427 a.
1799 5367 1867 5426 tto.
1886 5371 1987 5428 Calain.
2000 5374 2031 5426 in

374 5509 402 5542 n.
417 5499 459 5540 11.
1207 5467 1263 5521 loe·
1276 5465 1363 5537 jurid.
1377 5465 1428 5520 sub
1446 5477 1518 5516 voce
1537 5477 1609 5530 ager.

336 5571 558 5643 Distinguuntur
568 5565 596 5619 in
607 5562 781 5620 immediatos
797 5557 977 5617 etmediatos.
991 5567 1075 5616 1111.
1244 5551 1386 5624 Accipiunt
1401 5563 1466 5602 sera
1485 5545 1628 5616 scriptores
1644 5542 1798 5598 cacabulum
1823 5541 1880 5613 agri
1900 5543 1940 5596 ael
1958 5542 2030 5605 late,

338 5661 384 5716 De
393 5655 473 5728 pagis
485 5651 657 5709 immediatis.
671 5668 696 5703 n.
711 5660 753 5704 11.
1208 5646 1233 5692 et
1257 5639 1295 5692 sic
1318 5637 1375 5708 ejus
1406 5632 1582 5706 appellatione
1605 5629 1780 5693 continetur,
1804 5629 1932 5701 qtricqnid
1959 5628 2030 5692 ciros

337 5743 390 5804 ue
401 5757 473 5814 pago
487 5739 606 5816 quodam
618 5736 703 5795 libero
714 5734 745 5790 in
756 5729 895 5792 Heluetia.
907 5747 935 5784 n.
951 5737 992 5784 to.
1210 5729 1361 5796 quemlibet
1372 5719 1463 5777 urbem
1477 5715 1638 5792 ,oppiduim
1653 5713 1831 5788 municipium
1843 5725 1893 5788 est,
1904 5712 1958 5772 sire
1970 5713 2028 5770 hor·
