4310 6294
193 255 227 294 so

125 347 148 390 t.
166 259 310 410 :milix
329 319 417 411 ileqne
435 336 576 410 quicquum
593 334 642 390 ιιι
654 349 751 406 perum
771 325 939 382 differentiae

637 225 686 282 DE
703 221 795 284 tutt'ti
806 225 857 284 'EX
877 227 1051 288 irrentus
1070 229 1235 290 PBR'SONI
1254 247 1315 292 xre.

998 343 1043 380 mc
1061 336 1122 382 rnen
1141 325 1206 384 isctr
1225 331 1353 388 remissio·
1365 329 1436 387 uiltil
1455 331 1564 408 prodest
1581 257 1816 418 rettqoirlllope·

122 430 261 492 superest,
279 439 312 474 eo
332 422 430 492 pignus
448 417 551 476 teueesn
570 435 630 475 curn
650 415 829 492 permissione
847 410 939 466 rendi·
996 419 1068 462 otum
1087 412 1167 482 piene
1184 415 1337 484 personale,
1356 417 1373 468 l.
1397 430 1440 473 ιι.
1450 419 1491 490 ffi
1508 423 1543 478 de
1560 437 1634 496 pact.
1652 430 1670 481 i.
1686 442 1728 484 ιι.
1746 427 1771 502 S.
1791 443 1813 486 t.

985 493 1028 564 ff.
1047 495 1215 571 desidejuss.
1235 501 1288 554 Sed
1310 507 1397 558 temen
1416 522 1465 560 nec
1483 525 1580 564 nocere
1597 511 1686 581 debet,
1704 523 1732 570 et
1750 517 1815 570 bine

995 579 1158 652 reliquorum
1170 583 1294 652 obligatio
1306 603 1355 656 per
1368 589 1445 642 unius
1458 590 1645 648 liberationem
1659 597 1748 668 sugeri
1762 615 1817 650 nou

998 674 1099 735 potest,
1117 665 1142 720 d.
1161 667 1179 720 l.
1200 679 1239 720 ιι.
1258 673 1382 726 Secundo
1394 689 1453 727 cusu
1465 676 1575 745 prodest
1601 679 1682 733 etiem
1702 679 1813 750 reliquis
1855 687 1884 729 ti

127 506 226 571 tionis,
238 522 271 558 eu
286 505 348 559 siue
360 505 421 560 ists.

157 592 234 662 erod
244 593 353 644 niteram
367 592 461 662 legem.
476 589 546 664 tt.§.
562 599 585 640 ι.
590 586 632 658 ff.
645 587 680 642 de
690 585 799 659 pigner.
814 591 866 637 aet.
879 601 941 638 oon·

121 675 225 739 cernit,
244 675 403 748 proponitur
423 675 483 740 ibi,
501 694 551 748 que
572 674 677 727 retione
696 672 780 724 melre
797 665 860 722 fidei
881 682 940 738 pos·

123 774 212 812 sessor
231 777 260 813 ιι
272 778 290 812 -ι
308 758 426 830 rigorose
444 757 578 812 iruetnnm
597 755 731 810 exactione
749 752 864 806 liberere
882 767 941 820 pos·

125 842 163 894 sit
180 858 214 896 ex
232 843 338 898 ulterius
356 860 478 915 persons.
496 843 527 894 lu
546 841 667 896 eoniessc
689 839 794 893 scilieet
812 843 861 900 est,
872 833 941 904 quod

998 765 1051 802 non
1069 751 1284 822 pxciscentibus,
1301 756 1363 824 quis
1381 768 1488 826 pscium
1514 770 1554 814 ιιι
1578 761 1609 814 in
1637 778 1693 816 rem
1720 782 1813 818 coerce·

997 845 1072 905 ptum
1083 873 1092 900 ,
1111 847 1138 890 ιι
1157 839 1227 892 nibil
1244 839 1348 906 obstet,
1368 861 1421 911 qeo
1441 843 1530 898 minue
1547 845 1627 900 licent
1651 857 1679 901 et
1701 849 1814 904 eliorum

103 925 171 978 ,me
190 935 310 982 semem·
329 945 380 982 non
399 929 483 982 solum
502 925 534 980 ed
553 924 668 990 fructus,
686 939 752 994 quos
771 936 804 974 ex
819 919 943 972 reeiiene
999 920 1179 976 conditionem
1198 924 1335 978 meliorem
1357 928 1484 993 reddere,
1497 943 1557 982 cum
1577 930 1749 986 remissiones
1762 933 1816 989 sint

125 1011 263 1082 percepit,
282 1019 401 1065 extentes
419 1021 447 1064 et
465 1007 693 1078 consumptos.§.
715 1001 759 1061 ss.
777 1007 800 1062 1.
818 1003 853 1058 de
870 1020 895 1053 r.
913 1001 941 1056 el.

122 1096 141 1148 1.
162 1105 204 1146 ιι.
222 1112 245 1148 c.
262 1095 297 1150 rls
314 1111 336 1148 r.
354 1110 384 1146 ιι.
404 1093 449 1148 sed
468 1103 495 1146 et
512 1091 709 1164 percipiendos,
727 1095 750 1152 ς.
770 1099 796 1141 ι.
808 1090 832 1141 1.
846 1087 880 1140 de
898 1087 942 1158 ff·

120 1178 168 1248 fic.
179 1178 268 1253 judie.
286 1180 305 1231 1.
314 1176 436 1250 fructus.
457 1175 549 1246 suff·
568 1175 601 1230 de
619 1191 640 1230 r.
660 1192 684 1228 ι.
709 1171 748 1226 Ιιι
767 1169 895 1243 quidem,
911 1180 942 1222 ut

998 1001 1175 1072 innubilet,
1195 1007 1246 1061 oid.
1265 1026 1292 1060 ιι.
1314 1021 1355 1062 ιι·
1374 1027 1432 1082 erp.
1450 1029 1542 1081 praec.
1559 1013 1650 1068 Tertio
1663 1031 1723 1068 cesu
1748 1035 1815 1070 nexu·
1855 1030 1885 1072 ιι

998 1105 1074 1160 quern
1095 1091 1202 1160 quidem
1224 1109 1317 1148 nocere
1334 1105 1423 1164 potest
1442 1096 1521 1149 unius
1540 1097 1674 1166 liberatio,
1694 1098 1740 1152 sed
1759 1116 1814 1153 non

998 1174 1035 1226 ite
1054 1173 1204 1244 prodesse,
1224 1187 1253 1230 ut
1271 1177 1361 1230 stntim
1381 1179 1441 1248 ipso
1462 1182 1520 1247 jure
1538 1191 1564 1233 et
1584 1181 1681 1252 reliqui
1708 1180 1815 1238 liberati

120 1262 186 1333 quid
204 1262 309 1334 percipi
328 1259 445 1334 potnerit
463 1277 497 1314 ex
515 1277 544 1314 re
562 1275 698 1332 possesse,
717 1274 771 1310 nun
788 1255 943 1308 sextimetnr
999 1255 1102 1325 iurent,
1122 1279 1184 1314 cum
1198 1279 1246 1313 nec
1256 1265 1332 1316 terite
1349 1280 1397 1316 nec
1412 1281 1537 1336 expresse
1558 1265 1606 1319 boc
1620 1265 1806 1334 territurium,

122 1363 157 1402 ex
175 1365 286 1418 perscire
307 1346 391 1418 ipsius
411 1344 589 1416 possidentis,
602 1343 648 1414 qui
664 1341 732 1396 iorte
751 1339 826 1393 rudis
844 1339 883 1392 rei
895 1337 942 1390 do·

999 1342 1047 1396 boc
1068 1353 1155 1397 temen
1175 1345 1307 1400 cemrnodi
1329 1359 1521 1419 consequentur
1538 1351 1592 1419 jem
1604 1351 1712 1420 reliqui,
1725 1361 1755 1406 ut
1767 1371 1815 1422 pe-

122 1434 248 1484 meeriese
265 1429 408 1484 minimum
432 1429 533 1482 fruetus
550 1427 695 1498 qusesirit,
715 1424 761 1479 sed
779 1441 813 1478 ex
831 1440 942 1496 persone
997 1426 1062 1482 riter
1078 1429 1173 1498 justern
1194 1431 1288 1498 egendi
1306 1442 1398 1485 contre
1413 1431 1560 1488 debitorem
1575 1450 1678 1488 reusam
1691 1436 1814 1503 bebesnt,

124 1517 227 1570 domini
247 1534 303 1570 rens
323 1535 395 1570 enum
415 1515 574 1586 repetentis,
593 1515 638 1584 qui
652 1532 696 1568 sne
710 1511 843 1566 industrie
861 1519 888 1563 et
899 1525 942 1563 so·

121 1600 199 1655 lertis
217 1601 333 1672 emplum
352 1600 452 1653 lucrum
471 1597 595 1669 consequi
608 1599 754 1670 potuisset,
768 1595 791 1649 si
807 1599 863 1668 ipse
880 1614 941 1672 pos-

121 1683 250 1748 sedisset,
270 1686 288 1736 l.
310 1682 390 1756 εις.
414 1682 485 1755 eff
503 1683 538 1738 dr
564 1703 586 1738 r·
606 1702 631 1738 ι·
655 1684 674 1736 1.
701 1696 727 1737 ι.
747 1701 771 1737 ι.
788 1682 822 1737 de
846 1685 943 1740 Collnt.

124 1767 248 1839 Csrpzor.
264 1787 294 1840 p.
314 1781 338 1822 ι.
360 1785 385 1822 ι.
407 1780 449 1822 ιι.
468 1767 495 1822 d.
515 1782 557 1823 eo.
577 1768 666 1822 strue.
684 1771 878 1824 excreturi.
903 1782 945 1825 ιι.

997 1521 1025 1562 ut
1045 1529 1073 1564 se
1091 1529 1194 1582 qnoque
1213 1515 1323 1579 liberet,
1343 1518 1496 1588 supposito,
1524 1517 1595 1588 quod
1624 1533 1716 1571 ornnes
1733 1537 1815 1590 seque

997 1594 1044 1648 diu
1063 1596 1092 1648 iu
1110 1597 1274 1665 obligeticue
1292 1599 1429 1665 steterintg
1448 1617 1507 1652 curn
1527 1601 1600 1654 enim
1625 1601 1746 1655 omniunt
1772 1619 1814 1655 es-

999 1678 1058 1732 dem
1077 1679 1113 1732 sit
1134 1680 1221 1744 estio,
1241 1697 1287 1735 cur
1305 1699 1356 1736 uon
1375 1683 1485 1738 deberet
1498 1683 1556 1736 iliis
1571 1683 1644 1738 idem
1662 1703 1764 1758 quoque
1776 1688 1819 1755 jus

996 1765 1149 1834 sppliceri,
1169 1767 1185 1820 l.
1198 1767 1273 1822 siluri.
1288 1778 1330 1824 ιι.
1344 1769 1380 1823 nd
1390 1769 1441 1840 leg.
1466 1771 1549 1842 aquil.
1571 1770 1683 1842 Heriug.
1700 1769 1816 1842 defide-

122 1853 212 1924 reique
230 1853 310 1922 alleg.
331 1852 409 1922 Quod
423 1869 498 1907 secus
511 1853 539 1906 in
553 1853 686 1906 creditore
704 1853 885 1924 pignomtitio,
897 1857 944 1925 qui
991 1847 1097 1921 juso-e.
1118 1861 1158 1901 ts.
1175 1867 1203 1902 ιι.
1217 1861 1260 1904 ιι.

123 1935 232 2008 quidem
252 1935 330 1990 etism
355 1935 387 1988 sd
413 1933 516 1988 fructus
541 1935 726 2006 percipiendos
753 1947 872 2004 tenetur,
889 1958 944 1994 non
1036 1931 1189 1988 Pi⁰¹lffl1¹ffl
1208 1935 1260 2001 l·m
1284 1945 1340 2002 ²⁵¹2
1358 1935 1433 1991 ⁰¹²³
1453 1939 1618 2010 empllwem
1638 1951 1663 1996 el
1691 1940 1820 1996 ιθῦῦῖῑῖῠ·
1858 1955 1888 1997 ³³

126 2029 213 2074 tumeo
229 2020 307 2083 illos,
320 2037 385 2090 qnos
398 2017 501 2074 debitor
515 2021 650 2090 percipere
663 2023 805 2092 potuisset,
819 2023 866 2076 sed
877 2041 943 2095 qnos
998 2031 1060 2068 ΜΝ
1077 2019 1230 2088 mitellis
1241 2057 1249 2086 ι
1260 2019 1303 2074 ”bl
1319 2039 1346 2074 ⁸⁸
1358 2021 1474 2077 ⁰ff⁸f¹¹¹¹l
1487 2041 1629 2094 Perimes
1642 2024 1739 2096 quibu*
1751 2043 1815 2082 ¹⁰¹¹·

122 2103 242 2158 creditor
253 2105 391 2175 percipere
416 2103 526 2168 debuit,
545 2103 564 2155 l·
575 2102 701 2170 creditor.
714 2116 738 2158 ι.
753 2123 776 2160 ι.
790 2105 823 2159 de
833 2107 943 2178 pigner.

126 2195 178 2238 net.
197 2186 286 2256 ibique
304 2185 349 2239 do.
366 2185 566 2240 Brnonemsnu.
578 2182 606 2240 in
613 2185 668 2256 fin·
681 2187 757 2257 Quod
776 2189 799 2242 si
812 2207 875 2260 ergo
887 2208 943 2246 rne-

123 2267 163 2322 lse
182 2267 245 2324 fidei
265 2287 398 2342 possessor
417 2289 473 2324 rem
493 2271 566 2326 illem
585 2272 666 2326 tertio
683 2271 800 2327 dedisset
818 2274 942 2344 pignori,

997 2099 1060 2154 dere
1080 2101 1268 2169 interdictum,
1287 2103 1384 2158 dentur
1401 2106 1482 2159 etisru
1497 2147 1506 2174 ,
1523 2107 1619 2178 quibus
1637 2125 1726 2162 emere
1743 2119 1816 2165 certo

998 2194 1118 2254 respectu
1138 2202 1190 2238 non
1209 2187 1286 2252 licet,
1305 2187 1369 2259 quid
1388 2191 1473 2259 igitur
1489 2191 1559 2244 licen
1569 2191 1620 2244 lise
1648 2208 1683 2245 ex
1707 2195 1816 2247 elterine

997 2283 1110 2336 persona
1127 2267 1167 2320 eis
1185 2279 1334 2341 eouspetst,
1352 2273 1503 2328 rideamus.
1523 2275 1564 2329 lte
1582 2274 1750 2346 prohibitum
1776 2285 1817 2330 ιιι
1854 2271 1885 2315 ⁴⁰

127 2353 173 2424 qui
193 2354 260 2409 bons
277 2351 332 2409 fide
351 2356 531 2426 possedisset,
549 2364 577 2409 ιι
594 2373 691 2426 perum
708 2355 785 2424 lucri,
804 2355 944 2428 diligentis
998 2351 1145 2418 secerdoti,
1163 2369 1198 2405 ne
1215 2363 1334 2408 exerceat
1350 2357 1544 2428 sythopolium,
1563 2369 1642 2430 etque
1669 2359 1716 2414 bec
1735 2361 1817 2413 ratio-

124 2435 189 2490 licet
205 2435 257 2492 eibi
277 2447 349 2491 suete
366 2436 487 2492 edhibits
498 2474 506 2502 ,
518 2437 742 2505 indehsbuisset,
760 2441 883 2510 proderit
894 2444 944 2498 boe
996 2450 1031 2489 πθ
1049 2437 1170 2506 poculum
1188 2437 1406 2510 intemperantiae
1425 2441 1548 2512 praeberi
1566 2442 1733 2507 lurconibub
1750 2461 1813 2498 θαι·

125 2519 187 2588 iili,
217 2533 245 2576 ut
273 2519 396 2575 dominus
423 2522 611 2594 superueniens
636 2523 734 2578 fructus
761 2527 946 2596 percipiendos
1000 2519 1161 2574 t.dr'st1'not.
1181 2521 1362 2578 ⁴⁴·0lemettl·
1385 2535 1407 2576 ι·
1425 2525 1458 2579 de
1482 2523 1526 2586 cit.
1544 2535 1572 2580 et
1589 2527 1655 2581 lton·
1672 2528 1735 2582 cler·
1753 2545 1812 2581 cure

120 2604 173 2672 jem
194 2621 246 2659 uon
258 2607 340 2676 possit
356 2624 371 2658 ι
388 2606 521 2676 prsedoue
537 2617 644 2678 petere,
670 2606 717 2661 sed
735 2619 875 2663 contentus
901 2629 943 2665 ιο·

121 2699 199 2760 gutur
219 2707 276 2744 esee
296 2691 368 2757 illis,
386 2706 451 2762 quos
466 2691 584 2745 creditor
603 2691 650 2746 ille
676 2692 863 2762 pignomtltius
881 2713 943 2766 per·

121 2775 193 2845 cepit
210 2776 244 2829 ob
257 2777 282 2831 d.
296 2777 314 2828 l.
330 2785 371 2826 ιι.
383 2778 407 2843 §.
422 2775 489 2846 ²·ffi
500 2775 534 2830 de
543 2775 621 2846 pigre.
634 2785 688 2832 aet.
739 2811 742 2820 ·

160 2860 281 2931 Depositi
304 2860 372 2916 rstio
388 2863 443 2930 jem
464 2861 584 2933 superius
603 2880 631 2915 ιι.
651 2873 694 2916 ιο.
711 2877 771 2930 rep.
792 2877 815 2920 ι·
834 2860 885 2917 luit
898 2865 943 2920 bu·

121 2943 187 2999 bite·
207 2943 242 2998 Et
258 2961 294 2998 ex
310 2945 480 3015 stipnistorio
499 2955 633 3000 contrecto
645 2945 698 3000 buc
710 2944 852 3016 pertineret
864 2965 941 3018 quse·

120 3029 192 3094 stio,
211 3031 343 3086 suelteri
362 3029 442 3084 licent
459 3026 603 3102 stipulerii
622 3030 673 3084 Sed
694 3030 808 3084 resolute
825 3039 853 3084 et
878 3033 940 3088 baec

122 3124 165 3168 est
182 3115 212 3168 in
230 3133 293 3184 cup.
310 3115 434 3186 pmecerl.
453 3133 482 3169 ιι.
503 3125 526 3168 t.
545 3129 616 3186 seqq.
642 3115 832 3186 stipulationis
857 3118 939 3173 etiern

125 3199 225 3268 species
243 3195 396 3270 fidejussio,
414 3200 477 3254 inde
494 3198 544 3252 buc
565 3195 647 3264 iacit,
663 3210 794 3270 qustenus
812 3203 853 3269 jus
866 3201 941 3256 debi-

126 3283 191 3338 toris
208 3283 297 3354 prosit
314 3281 462 3354 fidejussori
476 3281 489 3338 i
507 3284 559 3340 Sed
574 3293 713 3338 tractetum
728 3295 753 3338 et
767 3283 865 3339 hoeest
878 3306 940 3358 cup.

127 3379 151 3420 ι.
169 3385 198 3418 ιι.
220 3377 262 3420 ιι.
279 3378 306 3421 ιι
323 3385 382 3434 cop.
403 3385 425 3426 ι.
446 3387 475 3420 ιι.
489 3379 548 3422 ιιι.
568 3367 672 3438 Quibus
692 3366 741 3418 boc
753 3366 843 3422 selteus
863 3368 940 3423 edde-

125 3467 155 3504 re
171 3451 271 3516 licent,
295 3462 424 3519 quetenus
449 3449 617 3521 fidejussores
642 3449 777 3504 interdum
809 3449 940 3508 beneficio

119 3535 263 3590 divisionis
282 3534 469 3602 excluduntur,
490 3537 535 3590 sed
555 3553 588 3590 ex
606 3537 716 3589 ulterius
734 3552 845 3608 persone
871 3539 939 3590 reci·

119 3617 218 3690 pienti
238 3620 324 3685 Item,
346 3637 379 3673 sn
398 3637 451 3672 uno
468 3616 701 3689 roubdejussorum
722 3619 835 3672 iiberuto
849 3639 863 3673 n
877 3617 937 3675 lide

46 3743 79 3785 υ
119 3703 247 3774 jussionis
265 3721 349 3769 srexur
361 3703 442 3758 etiurn
456 3703 548 3758 creteri
561 3703 667 3756 libersti
682 3701 849 3757 crismentur?
861 3704 939 3759 Prius

119 3787 250 3858 contingit
263 3788 290 3842 in
304 3785 505 3856 fidejussoribus
523 3805 572 3858 pro
586 3796 672 3840 tutore
683 3785 937 3855 interuenientibus,

122 3870 166 3924 bie
184 3871 248 3928 licet
266 3869 391 3926 omnibus
409 3870 532 3925 solrendo
550 3869 730 3924 existentibus
748 3881 774 3924 et
791 3873 940 3942 proesenti-

117 3953 185 4021 bns,
210 3963 297 4008 temen
315 3951 478 4008 beneficium
500 3953 642 4008 divisionis
661 3953 819 4025 denegatum
839 3968 895 4023 est,
920 3959 938 4014 1.

110 4037 170 4110 flu·
180 4033 228 4110 ff.
241 4057 308 4093 rem.
323 4039 386 4108 pub.
404 4039 473 4090 ιιιιιι.
482 4039 561 4110 sore
580 4045 607 4092 ιι
625 4037 675 4091 boc
692 4037 801 4108 quidem
821 4039 849 4092 in
869 4041 940 4096 tuo.

122 4139 178 4182 rens
201 4125 316 4194 pupilli,
334 4141 368 4178 ne
382 4123 410 4175 iu
430 4139 482 4176 une
503 4122 597 4176 tutelue
615 4122 718 4174 notione
737 4121 766 4174 in
785 4123 872 4192 plures
898 4123 938 4178 di-

121 4207 268 4278 stringetur
293 4207 473 4272 sdeerrseios,
491 4216 517 4262 et
533 4203 565 4259 sd
585 4205 704 4260 dirersos
720 4205 821 4272 inlices
840 4204 938 4260 distre-

1 4276 3 4287 Ι
47 4325 81 4370 Η
122 4292 213 4358 betur,
233 4309 293 4362 urg.
313 4293 332 4344 1.
353 4305 377 4345 ι·
386 4289 427 4359 ff
446 4290 480 4344 de
499 4291 599 4344 minor.
621 4289 696 4360 Quod
716 4291 739 4342 si
763 4307 823 4344 rero
848 4293 938 4362 pupil-

120 4377 160 4430 lus
180 4376 269 4445 piures
289 4377 380 4428 hebent
402 4383 518 4436 tutores,
536 4384 563 4426 et
580 4373 613 4425 rb
632 4373 677 4426 bis
694 4375 784 4444 Plures
805 4374 862 4428 sint
875 4372 937 4431 iide-

119 4461 232 4529 jussores
250 4460 323 4526 «leti,
343 4457 478 4512 bsbebunt
507 4457 615 4528 quidem
639 4453 799 4511 beneficium
830 4453 938 4512 divisio·

121 4544 180 4608 uis,
198 4541 243 4596 sed
263 4559 317 4596 nou
335 4558 367 4594 ex
386 4559 433 4596 sue
451 4556 578 4612 persons,
598 4557 689 4596 rerum
708 4557 742 4594 ex
759 4555 872 4611 persone
898 4550 938 4594 tu·

119 4639 224 4692 torum,
242 4628 280 4680 ite
298 4639 325 4682 nt
349 4625 372 4679 si
399 4636 454 4679 tres
483 4624 585 4679 tuerint
615 4635 728 4690 tutores,
747 4625 793 4678 eed
810 4641 872 4679 reru
890 4643 940 4696 pro

120 4712 176 4764 illie
194 4707 395 4766 intercesserint
413 4705 596 4779 fidejussores,
618 4719 680 4762 tune
699 4709 757 4762 iliis
770 4727 823 4762 non
837 4711 940 4764 solven-

118 4793 153 4849 do
178 4795 375 4859 existentibus,
402 4792 431 4845 bi
461 4793 667 4860 conveniuntur,
694 4802 721 4846 ιι
744 4792 804 4846 bini
831 4794 939 4848 tertium

121 4889 221 4951 purtem
241 4878 330 4930 domui
352 4876 495 4930 restituere
511 4886 653 4946 cogentur,
672 4877 690 4930 l·
711 4889 734 4932 ι.
749 4875 791 4946 ff
817 4879 849 4932 de
866 4875 940 4947 fide-

1 4968 3 5000 ¹
115 4963 188 5038 juss-
206 4971 233 5016 et
250 4962 355 5015 nomin.
375 4971 402 5016 et
419 4959 528 5016 burred·
545 4969 628 5015 tuter.
647 4961 737 5032 ibique
763 4961 809 5014 du.
835 4961 939 5016 Brenn.

121 5047 234 5114 stering-
254 5043 449 5120 defidq'urrcr.
460 5063 482 5098 c.
499 5055 543 5098 ιι·
554 5063 582 5098 ιι.
596 5055 637 5096 ιι·
652 5044 755 5100 Gnedd.
767 5047 802 5100 de
813 5046 941 5101 renituit.

122 5131 244 5200 stipulat.
255 5148 316 5203 cup.
329 5142 355 5202 ι,
369 5130 457 5184 cunci.
472 5140 497 5181 ι.
510 5147 538 5182 ιι.
556 5141 613 5184 tto.

998 2605 1071 2656 enirn
1091 2605 1137 2657 ilie
1154 2605 1242 2678 gregis
1259 2607 1300 2660 sui
1320 2610 1474 2680 exemplum
1495 2620 1519 2664 et
1541 2619 1618 2681 typus
1636 2628 1692 2664 erse
1705 2611 1812 2676 debent,

1001 2700 1021 2740 t.
1044 2691 1120 2744 rur.
1140 2704 1163 2742 ι.
1182 2709 1205 2744 c.
1227 2705 1250 2745 ι.
1269 2703 1297 2746 ιι
1316 2692 1582 2765 irreprehensibilis,
1600 2695 1646 2765 qui
1665 2695 1728 2748 eliis
1752 2711 1811 2749 cor·

998 2771 1117 2840 rlgendis
1142 2790 1264 2843 proeesse
1286 2775 1364 2841 relit,
1392 2790 1415 2832 t.
1441 2777 1481 2832 nd
1501 2779 1568 2832 tim.
1600 2792 1624 2832 ι.
1642 2796 1673 2832 ιι.
1700 2789 1742 2832 ιι.
1760 2799 1812 2833 nou

994 2857 1118 2930 ncipouue
1130 2875 1182 2912 uon
1198 2857 1375 2932 αιχροιὲρδης
1394 2861 1440 2914 sed
1453 2861 1640 2935 ripulepyupee,
1658 2874 1679 2915 t.
1691 2865 1728 2918 ad
1747 2865 1815 2918 Tim.

998 2955 1020 2996 t.
1041 2943 1227 2998 ilincmerito
1246 2945 1320 2996 omni
1339 2945 1427 2998 studio
1452 2947 1613 3001 secularibus
1649 2947 1764 3018 negotiis
1788 2965 1817 3002 se
1856 2939 1883 2984 ⁴¹

996 3025 1166 3093 subtrahere,
1184 3043 1315 3096 omneque
1334 3027 1400 3082 illud
1420 3029 1558 3084 declinare
1577 3029 1670 3097 debet,
1690 3031 1756 3102 quod
1771 3031 1815 3086 de·

997 3111 1113 3164 sotionis
1134 3128 1195 3166 sune
1214 3110 1316 3165 iontem
1335 3111 1484 3178 obstruere,
1505 3113 1627 3184 quodque
1651 3113 1720 3169 ιίιιι
1751 3131 1814 3167 san-

997 3193 1093 3246 ctioris
1111 3191 1282 3263 disciplinam
1302 3196 1390 3248 luxere
1410 3197 1507 3267 possit,
1529 3207 1547 3250 t.
1559 3207 1576 3250 ι.
1592 3199 1627 3250 Χ.
1641 3199 1749 3252 necler.
1763 3217 1814 3254 ne·

992 3287 1049 3347 got.
1062 3277 1139 3331 receti.
1154 3296 1182 3330 ιι
1195 3280 1307 3332 immiso·
1322 3279 1367 3334 Est
1384 3279 1457 3332 enirn
1476 3279 1523 3334 ille
1548 3283 1716 3352 praepositus
1737 3297 1813 3336 oeco-

994 3361 1099 3412 nomise
1118 3359 1271 3432 spiritueli,
1295 3371 1315 3414 t.
1334 3363 1372 3414 nd
1392 3365 1454 3417 Cor.
1477 3370 1499 3416 t.
1519 3381 1548 3416 ιι.
1571 3375 1592 3418 t.
1611 3374 1639 3418 ιι
1662 3367 1811 3419 snimntnm

994 3461 1056 3501 cure
1074 3463 1151 3516 qount
1171 3447 1372 3500 severissimos
1393 3449 1447 3502 Deo
1464 3457 1504 3502 est
1524 3447 1696 3516 demendatx,
1712 3453 1812 3505 Euenit.

994 3550 1017 3586 c.
1038 3545 1063 3584 ι.
1081 3551 1104 3585 ι·
1127 3535 1370 3586 tt.Aetur:ro.v.
1391 3545 1435 3585 ιι.
1461 3533 1575 3604 Quodsi
1602 3534 1811 3597 boo,nibilrni·
1851 3553 1880 3594 et

995 3632 1045 3666 nus
1062 3617 1186 3669 eorrreuit
1204 3615 1346 3680 secerdoti,
1361 3635 1436 3686 quum
1453 3617 1587 3668 tebernem
1605 3617 1810 3683 serendarum,

995 3697 1061 3750 illud
1081 3698 1216 3755 ebrietatis
1236 3710 1262 3753 et
1281 3701 1419 3770 spurcitiei
1440 3701 1624 3766 domicilium,
1644 3703 1683 3754 rel
1698 3702 1810 3766 intrere,

992 3802 1052 3837 cnu-
1073 3793 1097 3836 ι.
1116 3796 1142 3836 et
1161 3795 1184 3837 t.
1203 3785 1325 3838 distinet.
1352 3795 1394 3835 tt.
1418 3786 1457 3838 sei
1482 3802 1623 3850 exercere,
1648 3787 1703 3840 nisi
1724 3785 1807 3840 Bettst

995 3865 1176 3936 Bacchumque
1195 3885 1254 3920 eum
1273 3867 1382 3920 Christo
1410 3868 1583 3938 conjungere,
1614 3879 1639 3924 et
1658 3869 1806 3922 doctrinam

994 3968 1066 4004 suem
1087 3954 1217 4004 contrario
1236 3953 1313 4021 plene
1330 3952 1454 4022 exemplo
1471 3953 1645 4008 intercertere
1658 3954 1741 4016 velit,
1755 3953 1809 4006 eid.

993 4037 1057 4106 plur
1079 4036 1203 4106 Csrpeor.
1212 4033 1360 4104 jurisprud.
1373 4036 1464 4090 eccles.
1479 4037 1522 4090 tit.
1539 4048 1563 4092 t.
1576 4037 1630 4106 defi
1643 4051 1722 4090 ιι.ιι
1736 4053 1810 4090 men·

994 4129 1020 4172 te
1038 4116 1087 4170 boe
1111 4119 1266 4172 exercitium
1276 4118 1374 4171 -etiurn
1399 4119 1503 4172 clericis
1529 4120 1692 4191 prohibitum
1712 4119 1805 4188 legitur

993 4203 1021 4256 iu
1040 4201 1130 4257 ordin.
1153 4201 1294 4258 consister.
1322 4205 1422 4257 murcie.
1448 4203 1489 4256 tit.
1511 4213 1550 4257 to.
1568 4207 1591 4270 §.
1614 4201 1664 4256 Dte
1683 4203 1808 4272 Pfisrrer

991 4287 1077 4341 sollers
1098 4289 1167 4342 nucb
1186 4297 1234 4341 ιιι.
1255 4287 1309 4340 ibis
1327 4287 1390 4341 dass
1414 4287 1454 4340 sie
1478 4283 1552 4340 nictu
1577 4283 1720 4340 Hnendler
1736 4285 1804 4339 eder

992 4372 1207 4426 Biencbenckeu
1231 4387 1299 4442 seyrr
1326 4369 1430 4432 rulleu,
1453 4379 1480 4422 et
1504 4372 1533 4421 in
1558 4369 1639 4422 ordin
1662 4367 1810 4424 ιιιιιιίιιιι.

992 4471 1093 4508 saxon.
1110 4457 1189 4507 urtt'e.
1206 4473 1268 4524 gen.
1291 4465 1331 4507 ιι.
1350 4451 1375 4526 5
1400 4455 1440 4507 Es
1456 4453 1544 4505 sulleu
1556 4453 1625 4507 aucit
1639 4453 1681 4507 dte
1694 4455 1811 4524 Pfierrer

993 4535 1048 4588 ibi.-
1067 4537 1097 4588 ιἰι
1104 4533 1163 4605 ſsu.
1188 4538 1265 4591 Burs
1283 4535 1325 4590 sie
1340 4535 1414 4589 nielst
1430 4535 1592 4599 sclanclten,
1613 4535 1731 4590 Zeicben
1745 4555 1807 4589 eur·

991 4620 1114 4684 rteclren,
1142 4621 1209 4674 oder
1233 4623 1329 4674 Cneste
1349 4637 1399 4673 ιιιι·
1423 4621 1508 4673 Zeclte
1533 4623 1572 4672 ιἰιι
1598 4623 1689 4675 Haece
1706 4631 1807 4686 seteen,

994 4703 1095 4759 durans
1111 4719 1216 4772 presses
1233 4703 1379 4774 Ergernies
1397 4705 1447 4757 der
1466 4701 1602 4766 Kimbeu,
1630 4702 1689 4757 und
1711 4704 1809 4768 ilenen,

993 4789 1044 4844 deu
1063 4788 1204 4858 Pscrrern
1210 4826 1219 4854 ,
1230 4803 1339 4857 grueter
1348 4784 1498 4856 Selimpff‚
1511 4791 1588 4856 spurt
1597 4797 1646 4840 ete.
1658 4787 1784 4857 erfistger.

1029 4873 1183 4926 Limitetum
1203 4871 1310 4942 quidem
1331 4871 1380 4924 boc
1397 4872 1503 4935 solunt,
1526 4871 1598 4939 quod
1624 4881 1723 4923 tentum
1748 4887 1811 4924 con·
1851 4905 1879 4950 Η

993 4968 1085 5012 ιιιιιι
1102 4957 1214 5010 ιιιιίιοι
1233 4955 1408 5028 personaliter
1426 4955 1503 5008 besce
1521 4955 1611 5008 sordes
1638 4963 1809 5019 exercentes,

994 5054 1022 5096 et
1040 5045 1079 5097 sic
1097 5041 1171 5094 licite
1190 5057 1238 5111 per
1254 5038 1442 5094 intermedium
1467 5054 1604 5109 pmsonsrn
1633 5039 1704 5093 bunc
1730 5055 1810 5106 quse·

994 5137 1065 5180 stum
1084 5125 1169 5179 l'ecere
1187 5124 1308 5194 possint,
1328 5123 1371 5176 dd.
1389 5123 1420 5177 ιἰι
1437 5120 1465 5173 d.
1487 5123 1621 5176 Clemenr.
1644 5133 1666 5176 t.
1692 5123 1724 5176 de
1744 5124 1806 5177 vitu

158 5217 190 5270 ln
209 5215 360 5284 quaestione
377 5231 437 5268 rero
455 5214 515 5278 iile,
533 5233 566 5267 ιιι
586 5232 637 5268 uuo
664 5209 848 5282 fidejussorum
874 5210 940 5265 libe·
994 5222 1021 5262 ιι
1038 5211 1178 5264 honestate
1195 5207 1283 5262 cleric.
1304 5223 1415 5278 eumque
1433 5207 1462 5258 in
1483 5203 1565 5260 linem
1584 5205 1639 5259 sibi
1665 5205 1809 5259 bluudiun-

119 5306 177 5354 reto
195 5299 276 5350 etiem
303 5297 397 5366 reliqui
424 5297 529 5352 iiberuti
554 5294 728 5352 censeantur!
757 5296 839 5350 Ceeus
860 5306 940 5351 eruut
996 5303 1039 5347 tur
1055 5292 1171 5365 generali
1191 5293 1241 5346 isto
1258 5291 1397 5344 doctorum
1415 5299 1528 5343 esserto:
1556 5307 1634 5361 seepe
1649 5291 1720 5361 quod
1744 5293 1808 5362 quie

1 5388 3 5422 t
119 5379 323 5449 distinguendis
340 5389 386 5432 ιιιι
409 5382 482 5433 enirn
499 5397 583 5442 ,unus
609 5395 698 5432 eurum
718 5379 861 5450 paciscitur
878 5393 937 5430 curn
992 5393 1025 5431 ex
1043 5395 1088 5432 ιιιι
1109 5393 1220 5447 persone
1240 5392 1292 5429 non
1311 5375 1402 5439 lubet,
1422 5373 1472 5426 boc
1490 5391 1536 5444 per
1553 5385 1708 5428 extraneum
1720 5387 1809 5446 petere

1 5470 3 5508 ¹
120 5465 269 5528 creditore,
288 5473 318 5518 ut
336 5463 391 5516 sibi
409 5464 502 5516 seltem
523 5462 672 5518 remittetur
691 5463 739 5517 ille
764 5477 865 5526 nexus,
897 5471 941 5516 ιιιι
993 5470 1089 5532 potest.
1108 5463 1208 5514 Verum
1228 5476 1280 5512 nou
1299 5459 1454 5530 inquierere
1473 5457 1534 5510 huic
1551 5459 1716 5522 limitationi,
1735 5479 1804 5530 quse
1845 5499 1877 5538 tt

1 5557 3 5590 t
120 5555 150 5600 ιιι
169 5555 223 5600 tote
241 5543 379 5616 fidejussio
397 5545 435 5598 sit
452 5547 569 5612 sublate,
587 5556 633 5599 ιιιι
650 5562 709 5598 cuns
728 5545 849 5600 debitore
866 5543 938 5614 agit,
994 5547 1081 5617 potius
1107 5541 1357 5607 irsensnleoueilue
1375 5542 1482 5595 clericis
1500 5543 1751 5612 luxst,stqueiiiud
1768 5545 1806 5596 ιι·

1 5633 3 5694 l
52 5663 82 5707 ῃ
118 5644 147 5686 ut
162 5632 198 5687 ob
215 5631 348 5688 diutinum
365 5630 556 5703 obligationem
577 5631 683 5686 leudem
703 5630 845 5686 liberetur·
871 5626 936 5684 Pri·
992 5632 1103 5704 legstum
1123 5641 1250 5686 essertum
1270 5627 1378 5686 rationis
1396 5627 1453 5681 ioco
1471 5627 1516 5682 rix
1539 5643 1654 5697 unquam
1683 5627 1810 5698 quedrsre
