4472 6280
445 319 477 373 ⁹3

375 318 512 469 nelfdresn
531 407 643 465 reddere
668 405 819 472 soleamus,
838 421 891 458 non
911 403 1089 469 deteriorem,
1107 403 1126 454 1.
1146 416 1187 458 ιι.

978 306 1167 364 ntsrttrtr.
1184 307 1243 364 XV·
1262 304 1380 364 citur
1399 307 1449 362 111.

1947 294 1999 353 Μ

1238 411 1402 472 praetextu,
1418 403 1472 473 (sel
1484 402 1520 457 uti
1531 401 1664 474 Ulpianus
1676 403 1794 474 loquitur
1810 401 1838 457 ie
1851 399 1870 454 l.
1884 344 2013 468 ezfffde
2025 398 2058 452 ira

370 493 406 564 Ι.
419 493 510 566 depos.
529 503 556 546 et
571 489 642 562 quorl
660 489 740 543 alteri
758 505 805 558 per
823 487 936 539 alterum
959 485 1050 555 iniqua
1069 484 1186 540 conditio
1232 488 1293 558 jur,
1311 485 1722 556 rerb.fidncic,sssngistrotns,)
1741 488 1844 559 saepius
1854 485 1915 536 aliis
1926 487 2055 538 damnum

371 595 427 633 nnn
446 579 541 632 debean
566 573 685 640 inferri,
704 572 720 624 l.
742 581 784 624 tt.
794 569 836 640 Ι.
855 570 888 624 de
906 587 930 622 r.
948 569 965 622 ι’.
985 569 1187 638 inquissimorn·
1238 567 1382 634 inferunt,
1401 587 1509 638 rapaces
1526 573 1599 622 enirn
1613 572 1683 623 haud
1697 587 1756 623 raro
1770 579 1833 622 suut
1847 563 2058 622 manusoffieia·

369 679 421 734 qne
440 662 524 727 foret,
544 660 569 712 si
587 658 648 730 quis
660 674 692 709 ex
706 657 792 708 aliena
811 653 977 722 malignitate
992 655 1117 706 damnum
1132 670 1189 706 seu·
1238 652 1322 718 lium,
1341 653 1362 705 l,
1382 663 1404 704 1.
1422 671 1445 706 o.
1465 655 1555 706 theod.
1573 658 1607 709 de
1623 651 1674 723 qff
1686 664 1749 708 rect·
1759 671 1836 722 prce.
1847 670 1916 722 qnae
1929 651 1952 704 si
1963 653 2056 704 omnia

370 747 451 812 liret,
470 746 489 797 I·
508 745 556 799 ult.
574 761 597 796 c.
614 741 647 796 de
666 742 766 812 acquir.
789 753 900 809 possess.
925 737 1000 788 Unde
1017 737 1041 789 si
1062 737 1188 790 minister

371 845 429 881 rem
448 828 584 895 caesaris,
603 837 631 880 ut
649 829 784 896 propriam
805 819 964 882 transferat,
984 819 1054 872 nihil
1073 821 1149 890 agit,
1167 822 1186 872 1.

375 923 398 962 t.
406 908 449 980 Ι
465 911 499 962 de
516 907 566 978 «Ι
582 925 657 978 proc.
673 922 743 962 coes.
762 921 825 956 narn
838 905 873 958 ad
892 905 941 954 boc
955 905 1068 956 caesaria
1081 918 1189 956 consen·

373 1011 431 1047 sunt
445 1011 499 1046 non
514 994 600 1047 hehet.

412 1077 502 1128 Priori
521 1092 581 1130 tero
598 1090 675 1142 casu,
690 1075 713 1128 si
728 1073 797 1128 circs
815 1067 1188 1141 officium-sihifflmjfflm

373 1152 742 1234 pecmverit‘mnaintehpb-
752 1133 1190 1238 ffimpationqquriter

364 1230 704 1316 ‘abssl'rffidusjideretnr
722 1225 1021 1327 princepsqpi'pffiqni
1040 1244 1190 1294 mandatum

370 1321 648 1408 Ld'j-iefrnquendum
656 1342 904 1410 qoqutffegsgrat,
926 1346 975 1380 nec
989 1320 1076 1382 ‘libera
1089 1319 1135 1382 iiii
1146 1338 1190 1389 ad.

375 1411 552 1464 ministrandi
568 1412 693 1477 licentia,
711 1428 777 1482 quae
789 1411 855 1464 forte
869 1414 994 1466 misaistro
1006 1413 1127 1482 indulta,
1139 1423 1192 1476 ullo

381 1497 449 1566 juris
469 1505 605 1568 praetextu
618 1495 651 1548 ad
665 1495 837 1566 delinquendi
855 1497 1004 1552 facultatem
1017 1501 1123 1555 extendi
1136 1517 1181 1576 pot

307 1617 339 1658 η
376 1589 444 1632 erat.
462 1583 563 1636 Verum
581 1582 654 1632 enirn
674 1597 751 1645 sero,
769 1581 887 1634 occurrit
905 1583 964 1648 hie,
982 1583 1052 1653 quod
1075 1588 1192 1663 principi

375 1665 501 1736 imputari
523 1663 628 1735 possit,
651 1663 722 1732 quod
745 1663 808 1716 adeo
832 1666 950 1733 generali
974 1667 1097 1721 mandato
1116 1673 1191 1726 illurn

376 1749 530 1802 ministerio
558 1764 604 1800 suo
631 1750 830 1818 praeposuerit,
861 1751 935 1817 cujus
959 1747 1041 1802 fidem
1065 1762 1093 1805 et
1115 1753 1192 1808 indn-

377 1837 473 1887 striam
488 1851 541 1886 non
554 1845 644 1888 exacte
662 1835 813 1904 probarerit
831 1844 923 1898 antece
936 1835 1046 1890 debebat
1061 1839 1134 1890 enirn
1148 1842 1192 1894 bo-

378 1935 431 1972 nos
449 1917 590 1971 ministros
608 1917 724 1986 eligere,
744 1935 802 1986 arg.
820 1919 839 1971 l.
859 1929 884 1972 t.
898 1936 941 1988 pr.
948 1917 991 1987 Ι.
1009 1921 1042 1973 de
1056 1923 1192 1988 publicam.

382 2016 410 2058 et
428 2005 522 2074 culpae
539 2001 717 2067 adscribitur,
737 2003 826 2054 miuus
844 1999 939 2054 fideles
957 2003 991 2053 ad
1009 2001 1129 2055 officium
1146 2003 1192 2055 ad-

380 2090 493 2154 hibere,
512 2089 531 2140 l.
550 2099 574 2140 ι.
592 2088 613 2154 §.
636 2095 660 2136 1.
668 2084 712 2154 Ι.
730 2095 806 2138 nant.
830 2103 906 2156 cnop.
929 2097 956 2140 et
977 2089 1077 2142 stabul.
1096 2091 1114 2141 l·
1131 2107 1192 2144 cum

378 2174 518 2230 aromate.
537 2182 580 2224 ιι.
597 2171 626 2222 in
635 2170 695 2239 fin.
703 2167 746 2238 Ι
764 2171 797 2224 de
816 2171 917 2224 retiner.
933 2173 976 2225 (lb
993 2191 1072 2242 quam
1090 2190 1191 2228 musana

377 2259 448 2314 snala
472 2256 570 2312 electio
595 2254 723 2310 officialis
747 2257 860 2325 eligenti
885 2268 980 2322 uocet,
999 2259 1018 2309 l·
1040 2259 1088 2310 ult.
1113 2277 1135 2312 c.
1160 2259 1194 2316 ale

269 2395 271 2400 ,
379 2363 458 2416 oeqrs.
470 2356 587 2414 possess.
606 2337 675 2391 unde
694 2342 868 2410 praecipuum
890 2357 986 2394 rnunns
1003 2345 1139 2414 principis
1152 2363 1191 2400 cs-

380 2447 425 2496 se,
443 2443 551 2492 curare,
564 2433 594 2477 nt
607 2424 746 2476 ministros
764 2423 883 2478 maxime
899 2425 1011 2480 idoncos
1030 2429 1132 2495 habeat,
1146 2445 1196 2498 per

377 2531 443 2586 qnos
461 2512 581 2582 respubl.
598 2509 823 2574 administretur,
838 2507 904 2564 adeo
922 2521 952 2563 ut
971 2515 1019 2566 hoc
1037 2515 1194 2583 negligendo

379 2599 517 2656 mortifere
535 2606 640 2668 peccet,
657 2597 755 2649 asserit
772 2596 872 2650 Leonis.
889 2597 961 2650 less.
977 2602 1013 2653 de
1025 2599 1089 2668 jort.
1104 2601 1195 2672 etjor.

378 2690 398 2742 1.
419 2697 441 2738 ι.
460 2701 485 2734 c.
505 2693 546 2737 ιι.
566 2681 630 2734 dut.
653 2692 678 2733 s·
697 2696 726 2731 n·
749 2691 789 2734 ts.
807 2693 834 2734 et
855 2683 1106 2754 ²⁰.Obligariergo
1117 2687 1192 2756 prin·

379 2773 468 2844 eipem
487 2785 519 2823 ex
537 2769 635 2822 damno
658 2763 786 2820 officialis
810 2768 881 2821 circa
905 2766 1027 2820 cilicium
1052 2772 1195 2824 commisso

380 2861 413 2914 sd
428 2853 619 2930 reparationem
638 2851 746 2920 domni,
759 2851 824 2906 inde
832 2853 962 2924 colligunt
973 2853 1034 2908 lob.
1049 2857 1194 2912 llermann.

382 2945 494 2999 summ.
510 2937 642 2994 deservit.
654 2939 794 3008 perronel-
807 2936 851 2989 tit.
872 2948 896 2989 2.
914 2955 974 3010 cap.
992 2951 1030 2990 se.
1044 2957 1071 2992 ιι.
1087 2953 1129 2992 ao.
1142 2943 1196 2995 lile·

381 3029 458 3082 nuch-
477 3025 523 3080 tit.
543 3039 567 3078 e.
582 3039 672 3098 praee.
693 3034 735 3076 ιι.
754 3042 782 3076 ιι.
802 3034 845 3074 ιι.
867 3023 941 3078 Sicut
958 3033 984 3076 et
1001 3023 1195 3097 dominusqui·

383 3129 495 3183 rumque
506 3111 594 3176 alins,
610 3109 644 3161 arl
662 3105 873 3161 satisfactionem
890 3109 1023 3178 obligatus
1043 3119 1083 3162 est
1101 3109 1132 3162 de
1152 3109 1196 3162 da·

382 3216 463 3265 mno,
476 3194 547 3268 quod
558 3192 673 3247 famulus
686 3190 716 3246 in
726 3189 820 3246 officio
831 3196 973 3246 commisso
985 3194 1063 3246 alteri
1078 3193 1195 3260 dederil3

383 3283 447 3334 adeo
466 3291 493 3334 ut
510 3279 638 3332 damnum
655 3291 732 3348 passo
749 3277 843 3330 electio
860 3286 971 3348 pateat,
988 3295 1022 3330 an
1043 3289 1137 3331 contra
1158 3278 1196 3330 fa·

383 3369 504 3430 mulum,
522 3381 557 3418 an
576 3373 665 3416 contra
692 3361 832 3414 dominum
858 3362 977 3431 experiri
995 3362 1076 3426 relit,
1095 3362 1112 3414 l.
1134 3374 1157 3414 ι.
1174 3363 1196 3430 §.

384 3447 672 3522 1.Ι]ιιι.αιὶνιιι.
692 3446 804 3500 nonni
826 3455 868 3496 ιι.
886 3447 908 3514 ᾗ
926 3448 952 3499 si
970 3443 1152 3512 sbrns'eoriur.
1171 3457 1196 3498 ι.

374 3535 415 3608 Ιῖ
429 3537 468 3594 od
484 3536 534 3607 leg.
552 3533 638 3605 aquil.
655 3531 727 3584 Gall.
747 3531 773 3584 d.
789 3533 897 3602 pigrior.
915 3548 938 3584 c.
960 3542 986 3582 1.
1004 3549 1032 3584 ιι.
1050 3543 1076 3583 1.
1094 3531 1197 3588 Sicard.

385 3627 421 3683 nd
438 3625 457 3679 l.
474 3641 522 3680 ιιιι.
541 3639 569 3672 ss.
590 3629 614 3670 ι.
633 3638 657 3673 c.
674 3621 701 3672 si
717 3629 781 3672 rect.
797 3621 919 3690 prcet'nc·
938 3615 980 3668 Ob
998 3633 1075 3686 quarn
1095 3633 1198 3670 causam

314 3669 344 3711 ⁵⁹
383 3725 408 3769 et
424 3710 477 3783 ipsi
495 3705 626 3764 officiales
644 3719 677 3758 ex
696 3718 760 3782 susq
784 3701 902 3755 familiae
920 3700 993 3754 fecto
1012 3710 1136 3754 tenentur
1147 3704 1197 3768 ,vsi

382 3798 413 3852 in
431 3791 584 3848 ministerio
601 3788 744 3843 commisso
762 3787 935 3858 deliquisset,
950 3785 1062 3855 llering.
1081 3785 1114 3838 de
1120 3785 1198 3856 fide·

377 3883 447 3958 jurr.
467 3897 490 3933 c.
510 3887 554 3929 at.
572 3893 600 3929 ιι.
622 3885 681 3932 ιιι.
706 3872 802 3927 Glorb.
827 3870 924 3928 consil.
951 3883 993 3925 ιι.
1012 3888 1040 3923 ιι.
1062 3884 1104 3925 to.
1125 3890 1197 3942 seqq.

384 3967 462 4022 Unde
478 3964 502 4018 si
521 3963 554 4016 de
571 3960 680 4016 cohorte
697 3955 824 4014 officialis
841 3957 904 4028 quis
920 3959 1070 4010 committat
1086 3955 1200 4008 baratta-

382 4056 468 4120 riam,
485 4052 546 4123 ipse
563 4047 690 4104 officialis
709 4054 830 4112 tenetur,
844 4044 877 4096 de
889 4060 941 4114 quc
955 4042 1059 4114 prolixe
1077 4039 1198 4092 Furinae.

384 4160 429 4212 op.
448 4139 524 4193 orins.
542 4155 567 4208 p.
590 4146 648 4188 tts.
668 4153 696 4186 ιι.
717 4141 776 4185 tlt.
794 4147 868 4202 seqq.
888 4130 992 4182 Pariter
1012 4128 1150 4198 episcopus
1168 4143 1198 4176 o·

385 4225 517 4294 bligatur,
537 4222 559 4275 si
577 4215 709 4276 olfacislcs
727 4219 785 4286 eins
804 4215 832 4266 ln
850 4207 942 4268 officio
960 4211 1134 4280 delinquant,
1152 4211 1199 4262 Fe·

384 4313 433 4365 lin.
451 4313 489 4367 nd
506 4329 530 4366 c·
549 4311 659 4366 Petrus.
679 4315 721 4358 11.
739 4321 766 4354 rs.
786 4313 812 4354 ι.
829 4301 862 4354 Χ.
880 4301 914 4354 de
931 4297 1058 4352 lsoms'ct'd·
1074 4295 1122 4350 obi
1140 4297 1199 4368 plu·

386 4397 461 4450 ribus
479 4399 512 4450 de
529 4395 579 4450 hoo
598 4391 704 4463 negotio
715 4388 777 4459 agit.
791 4385 837 4440 Sic
849 4399 955 4456 quoqne
965 4380 1060 4434 civitas
1074 4381 1115 4434 rel
1128 4397 1200 4436 com·

387 4484 503 4536 munires
528 4488 635 4534 tenetur
660 4491 692 4528 ex
716 4472 785 4526 lacto
809 4465 971 4525 officialium
991 4464 1062 4520 circs
1079 4461 1199 4518 officium

385 4564 617 4634 delinquentium,
637 4559 733 4614 Paulus
750 4555 785 4609 de
802 4551 894 4607 Castro
908 4570 935 4620 p.
958 4561 980 4602 1.
998 4566 1074 4603 ιοιιι.
1095 4558 1155 4603 tri.
1172 4568 1201 4602 ιι.

388 4665 412 4704 e.
432 4649 465 4700 lit
482 4662 577 4716 corpus
594 4640 778 4698 universitatis
794 4638 836 4694 sel
859 4635 1060 4710 praefecturae,
1084 4632 1108 4686 si
1134 4632 1202 4688 forte

388 4750 420 4786 ex
436 4729 596 4786 officislibus
623 4727 799 4780 intersersnm
820 4721 859 4774 sit
882 4721 1050 4792 depositum,
1068 4717 1202 4799 obligatur

387 4834 420 4870 ex
439 4818 489 4870 boo
507 4813 619 4876 delicto,
638 4809 744 4865 etiamsi
762 4801 893 4861 officiales
910 4805 964 4872 jam
983 4799 1202 4868 defuncti,'We·

389 4901 465 4956 senb.
476 4921 504 4971 p.
519 4912 543 4955 s.
555 4899 643 4954 conci.
664 4907 720 4948 tto.
741 4911 767 4946 ιι.
788 4899 831 4945 st.
849 4889 895 4944 Sic
910 4905 980 4959 quoq
991 4909 999 4954 ς
1010 4890 1045 4941 oh
1063 4890 1204 4944 consulum

1239 749 1353 802 perssure
1372 736 1481 788 deberet
1498 739 1643 808 princeps,
1663 737 1719 808 ipsa
1738 740 1806 807 reip.
1824 736 1891 788 bona
1911 736 1955 790 uix
1973 733 2056 786 sulfe-

1239 827 1323 870 ctura.
1340 819 1415 871 llinc
1431 837 1483 890 quc
1502 823 1651 873 remedium
1674 833 1812 890 quaeratur
1832 819 1974 890 principi,
1993 827 2058 870 snnt

1239 903 1284 972 qni
1304 903 1454 974 principem
1474 903 1503 954 in
1523 902 1573 956 boe
1596 903 1686 956 minus
1705 920 1738 956 ex
1756 903 1822 957 facto
1841 903 1965 956 ministri
1986 903 2060 956 obli·

1240 994 1329 1054 gatum
1348 998 1457 1054 putant,
1476 988 1546 1056 quod
1565 1005 1620 1040 nors
1640 987 1798 1058 simpliciter
1816 985 1849 1038 sd
1868 985 1960 1039 damni
1978 1003 2055 1058 repa-

1242 1073 1370 1124 rationem
1392 1081 1531 1136 teneatur,
1558 1075 1604 1152 qod
1628 1076 1700 1144 qnod
1724 1071 1875 1126 exhibendo
1899 1073 2059 1134 ministrnm

1242 1158 1438 1226 delinquentem
1453 1174 1480 1210 se
1494 1158 1610 1212 liberere
1626 1160 1728 1228 possitq
1746 1159 1817 1228 qnod
1836 1174 1909 1212 secus
1927 1161 1958 1213 in
1974 1167 2061 1218 mini-

1243 1254 1300 1294 stro
1312 1243 1422 1309 allcnjus
1435 1243 1549 1312 privati,
1568 1243 1607 1294 nti
1627 1244 1695 1294 hanc
1707 1242 1911 1296 distinctionem
1924 1244 1997 1298 inter
2009 1251 2062 1300 mi·

1244 1329 1386 1382 nisteriunr
1406 1329 1543 1398 publicum
1561 1339 1588 1382 et
1606 1331 1741 1398 prisatnns
1761 1329 1897 1394 insinuet,
1916 1328 2005 1384 Felin.
2022 1335 2062 1388 ad

1244 1430 1267 1466 e.
1286 1415 1394 1467 Petrus.
1424 1423 1464 1464 ιι.
1490 1430 1519 1462 ιι.
1548 1413 1643 1466 11.Χ.
1662 1413 1688 1464 d.
1706 1411 1832 1464 homicid.
1857 1412 1950 1465 l'ranc.
1974 1417 2062 1472 Mare.

1242 1507 1318 1566 pert.
1341 1507 1361 1550 1.
1380 1496 1436 1550 dec.
1467 1505 1574 1549 1ι1.ιι.
1596 1510 1620 1550 1.
1641 1497 1755 1551 Stamm.
1778 1498 1804 1550 rl.
1828 1500 1948 1552 servunt.
1967 1519 2063 1570 perso·

1245 1583 1303 1636 nel.
1319 1581 1338 1633 l.
1364 1592 1387 1634 ι.
1406 1597 1429 1634 c.
1451 1591 1492 1634 te.
1517 1597 1544 1632 ιι.
1573 1593 1616 1638 ιι.
1640 1581 1683 1634 cui
1707 1583 1857 1636 sententiae
1881 1589 2062 1642 communiter

1245 1666 1444 1738 adstipulantur
1463 1663 1508 1718 dd.
1525 1681 1590 1734 quos
1608 1665 1707 1734 alleget
1725 1675 1753 1718 et
1769 1665 1891 1736 sequitur
1908 1665 1954 1719 dd.
1971 1671 2061 1740 hlyler

1245 1751 1277 1804 ab
1295 1751 1411 1804 Ebrenb.
1431 1749 1585 1820 hyparchol.
1610 1769 1633 1802 c.
1661 1761 1700 1803 tn.
1723 1767 1751 1802 ιι.
1776 1761 1819 1802 ιι.
1843 1749 2059 1810 Fundamentum

1246 1835 1395 1888 eommunis
1413 1835 1560 1887 sententiae
1577 1835 1705 1888 collocent
1715 1833 1744 1886 in
1760 1833 1894 1888 decisione
1906 1837 1924 1887 l.
1941 1849 1963 1890 t.
1976 1835 1999 1909 5.
2012 1840 2061 1896 nie,

1245 1927 1272 1969 es
1289 1919 1307 1967 l.
1329 1929 1354 1970 e.
1370 1934 1410 1984 pr.
1424 1915 1461 1983 Ι.
1480 1917 1506 1969 d.
1522 1916 1658 1983 publican-
1677 1918 1723 1968 ubi
1749 1918 1909 1986 publicanus
1932 1936 1967 1972 ex
1990 1921 2063 1978 facto

1245 1999 1363 2053 familiae
1380 2017 1458 2065 suae,
1477 2017 1543 2070 quae
1562 2001 1592 2052 in
1608 2000 1731 2071 vectigali
1750 2002 1907 2068 ministrat,
1925 2003 2062 2074 obligatur

1246 2085 1375 2156 quidem,
1395 2083 1485 2137 sedai
1504 2085 1658 2138 exhibuerit
1682 2101 1788 2141 serrum
1813 2085 2014 2158 delinquentem
2034 2105 2063 2146 et

1252 2187 1338 2223 ncxre
1356 2169 1480 2234 dederit,
1499 2167 1646 2232 liberatore
1664 2186 1755 2223 rerum
1773 2171 1877 2236 nescio,
1893 2189 1929 2224 ass
1946 2173 2010 2228 haee
2021 2179 2062 2245 ju.

1246 2271 1275 2306 re
1289 2255 1323 2306 de
1339 2253 1491 2306 exhibendo
1508 2253 1578 2305 servi
1596 2253 1746 2322 publicani,
1765 2254 1800 2307 sd
1818 2255 1960 2314 ministros
1976 2263 2063 2332 publi.

1245 2355 1289 2393 cos
1309 2341 1363 2393 nllo
1383 2338 1461 2393 modo
1478 2339 1609 2410 applicari
1627 2342 1743 2411 possint.
1760 2341 1902 2400 Exhibitio
1919 2349 1993 2401 enim
2006 2367 2061 2404 ses·

1247 2445 1338 2480 sorum
1357 2425 1504 2498 publicano
1523 2429 1572 2480 hoo
1584 2423 1636 2479 bui
1654 2429 1821 2498 iniungitur,
1834 2439 1864 2484 ut
1875 2442 1987 2501 constet,
1999 2439 2060 2506 quis

1246 2525 1280 2562 ex
1298 2512 1383 2565 serris
1408 2511 1536 2564 damnum
1562 2511 1687 2580 dederit,
1706 2514 1725 2565 l.
1745 2527 1769 2568 ι.
1787 2513 1809 2586 5,
1831 2525 1854 2568 ι.
1860 2514 1903 2587 Ι
1919 2521 1954 2572 de
1970 2524 2059 2590 publi·

1245 2609 1304 2645 ccc·
1322 2593 1395 2649 rerb-
1413 2593 1524 2662 exhibe,
1545 2606 1574 2648 ιιι
1590 2598 1693 2664 porsina
1708 2597 1866 2667 dignoscere
1878 2603 2058 2671 peortaneu

1247 2693 1328 2743 cero,
1347 2687 1377 2732 nt
1395 2693 1535 2751 eapropter
1552 2685 1627 2735 omni
1645 2681 1752 2736 actione
1770 2683 1920 2752 liberetur,
1937 2690 1983 2742 sed
2003 2703 2063 2761 post

1246 2762 1443 2818 exhibitionem
1460 2765 1619 2836 publicemus
1643 2769 1822 2824 nihilominus
1846 2773 1951 2829 eetione
1973 2779 2062 2831 noxali

1246 2849 1438 2920 obstringitur,
1459 2867 1507 2921 per
1531 2852 1603 2906 clara
1620 2854 1700 2906 serbe
1716 2855 1733 2908 1.
1755 2868 1779 2908 ι.
1793 2853 1886 2926 pmff.
1904 2859 1931 2914 tl.
1946 2871 1966 2912 t.
1985 2861 2062 2930 Quot

1248 2951 1282 2988 ne
1298 2936 1434 3006 singulare
1451 2937 1572 2990 rideatur
1589 2937 1619 2990 in
1636 2953 1708 2992 serto
1727 2941 1881 3010 publicani,
1901 2941 1974 2994 idern
1994 2945 2063 3012 juris

1246 3016 1351 3070 obtinet
1368 3025 1397 3072 ln
1415 3036 1491 3073 servo
1510 3031 1616 3086 nautae,
1636 3023 1779 3092 cauponis,
1797 3034 1824 3077 et
1842 3025 1997 3093 stabularii,
2017 3029 2062 3080 ubi

1245 3103 1349 3172 pariter
1366 3122 1382 3156 a
1399 3103 1535 3159 refusione
1554 3105 1646 3158 damni
1665 3107 1790 3160 dominus
1812 3123 1899 3161 noxae
1922 3110 2064 3164 deditione

1247 3186 1390 3254 liberatur,
1406 3189 1424 3242 l.
1438 3207 1484 3244 ιιιι.
1497 3186 1521 3260 5.
1535 3202 1560 3242 s.
1563 3189 1604 3260 Ι
1609 3189 1688 3258 sort.
1694 3192 1802 3246 calven.
1814 3204 1892 3246 nont.
1904 3192 2062 3250 lixlsihendo

1247 3287 1310 3340 ergo
1327 3289 1416 3326 sert-os
1433 3273 1482 3326 boc
1498 3277 1631 3328 commodi
1648 3278 1839 3346 consequitur,
1857 3287 1887 3330 nt
1904 3295 1965 3332 eum
1978 3295 2063 3333 noxae

1250 3353 1372 3409 dedendo
1390 3374 1418 3412 se
1435 3357 1550 3410 liberare
1569 3359 1669 3430 possit,
1689 3375 1738 3413 nec
1755 3359 1788 3414 ael
1807 3359 1959 3430 simplicem
1972 3362 2064 3416 damni

1249 3444 1446 3512 repareticnem
1467 3453 1601 3513 teneatur,
1620 3428 1645 3499 cf.
1664 3445 1681 3498 l.
1705 3457 1729 3501 1.
1747 3454 1769 3510 5.
1786 3449 1834 3502 ult.
1860 3448 1930 3518 Ergo
1953 3450 1978 3503 ai
2001 3452 2066 3504 haec

1249 3525 1282 3578 sd
1300 3527 1422 3598 publicos
1440 3529 1598 3598 applicanda
1616 3529 1772 3596 ministros,
1791 3542 1819 3584 et
1836 3531 1878 3584 illi
1899 3549 1984 3587 noxae
2001 3535 2066 3588 dan-

1249 3610 1277 3662 di
1298 3621 1402 3678 essent,
1418 3611 1489 3682 quod
1508 3625 1609 3679 tamen,
1626 3630 1678 3683 quc
1693 3613 1782 3666 minus
1795 3613 1845 3668 hoc
1859 3619 1887 3668 in
1901 3616 1994 3670 liberis
2005 3636 2066 3690 per·

1250 3695 1323 3747 sonis
1337 3691 1427 3760 fieret,
1439 3695 1538 3748 dudum
1558 3699 1617 3767 jure
1633 3709 1721 3752 nostro
1739 3700 1889 3769 explosum,
1900 3699 1983 3772 §.fin
1996 3705 2063 3756 ιἰιιι.

1250 3775 1285 3829 de
1305 3778 1403 3831 noecl.
1422 3789 1474 3832 oct.
1493 3780 1664 3853 Quapropter
1682 3783 1806 3837 damnum
1826 3801 1917 3856 pessus
1930 3805 1977 3856 per
1990 3787 2064 3842 illam

1249 3859 1463 3926 exhibitionem,
1480 3881 1531 3934 qus
1549 3866 1688 3919 dominum
1706 3868 1815 3922 liberari
1830 3879 1923 3941 putant
1934 3872 1981 3925 dd.
1993 3875 2065 3926 nihil

1250 3941 1365 4011 amplius
1382 3955 1610 4015 consequeretur,
1627 3967 1705 4018 quarn
1729 3952 1799 4022 quod
1817 3956 1869 4022 jam
1887 3965 1964 4008 antea
1983 3957 2063 4012 halte-

1250 4024 1314 4091 bat,
1334 4025 1392 4080 scil.
1410 4037 1440 4081 ut
1458 4031 1589 4084 actionem
1613 4033 1777 4086 ordinariam
1802 4052 1836 4087 ex
1860 4038 1958 4094 delicto
1976 4057 2068 4095 contra

1251 4109 1405 4165 ministrum
1424 4111 1624 4184 delinquentem
1644 4119 1775 4171 instituat.
1796 4122 1905 4176 Diceres
1923 4123 2004 4180 forte:
2018 4129 2068 4182 hnc

1253 4203 1341 4247 lamen
1360 4195 1508 4265 impetrare
1528 4200 1627 4252 laesum
1648 4219 1695 4270 per
1713 4204 1907 4260 exhibitionem
1927 4211 2067 4276 ministri,

1252 4275 1315 4329 elesa
1333 4279 1383 4332 der
1398 4281 1528 4335 Bediente
1545 4284 1603 4338 siclt
1619 4285 1709 4339 selues
1726 4290 1956 4348 hodes-Heme
1971 4297 2067 4353 Sclsuts

1251 4363 1328 4420 acciat
1342 4371 1479 4436 getrrirten
1497 4369 1606 4438 kdnnee
1623 4375 1795 4444 exceptiones
1813 4380 1902 4442 enisu,
1921 4387 2068 4452 qnaejuris

1252 4459 1331 4516 sunt,
1349 4455 1390 4504 sel
1407 4469 1475 4522 quse
1493 4452 1527 4505 sd
1546 4453 1728 4512 defensionem
1741 4461 1797 4528 ejus
1810 4465 1962 4534 pertinent,
1980 4485 2068 4539 eapro-

1252 4543 1312 4606 pter
1330 4534 1457 4588 ministro
1473 4535 1597 4592 exhibito
1622 4557 1674 4594 non
1700 4555 1813 4613 possunt
1838 4547 1971 4618 denegari.
1990 4551 2025 4605 Et
2043 4556 2066 4608 si
2108 4593 2117 4630 ἵ

1253 4619 1319 4672 alius
1338 4619 1464 4689 princeps
1481 4619 1568 4691 ipsius
1586 4620 1652 4677 facti
1672 4626 1801 4694 sequioris
1817 4645 1833 4680 a
1851 4632 1979 4684 ministro
1996 4655 2069 4692 oom-

1257 4702 1334 4753 missi
1354 4701 1540 4756 defensionem
1558 4706 1692 4777 suscipere
1710 4709 1799 4773 uellet,
1817 4710 1945 4765 delictum
1958 4718 2016 4785 ejus
2029 4733 2067 4772 rs·

1253 4783 1396 4840 tihabendo
1406 4799 1543 4856 purgaret,
1562 4799 1587 4842 et
1603 4789 1642 4842 ita
1659 4791 1718 4860 pari
1738 4794 1841 4847 ratione
1858 4795 2067 4869 obstringeretur

1253 4867 1287 4922 sd
1299 4867 1493 4938 reparationem
1514 4869 1625 4934 damni,
1645 4889 1675 4926 ac
1694 4873 1718 4925 si
1735 4875 1769 4926 ab
1787 4877 1867 4929 initio
1886 4879 1983 4934 factum
2002 4886 2067 4936 illnd

388 4985 579 5057 negligentiam
599 4984 626 5034 in
645 4996 698 5034 non
717 4975 904 5031 administrata
926 4973 968 5024 sel
992 4971 1062 5026 male
1086 4972 1202 5024 admiui·
1255 4949 1492 5016 ¹⁰²¹¹d¹⁸³⁸ls⁰⁰¹¹¹
1506 4963 1534 5008 el
1547 4953 1695 5010 indebetis
1710 4959 1866 5017 ratihabitio
1879 4969 1999 5020 mandati
2014 4973 2068 5022 siro

389 5081 455 5126 trata
473 5067 578 5139 justitia
595 5076 678 5120 totum
698 5060 818 5116 civitatis
836 5065 956 5110 senatum
975 5057 1006 5108 cd
1027 5057 1119 5110 damni
1133 5072 1204 5127 repa·
1257 5041 1392 5110 ΝῦῖΡῑῑῑι
1410 5039 1428 5090 Ῑ·
1452 5050 1475 5091 ¹·
1493 5047 1515 5103 i·
1536 5042 1671 5112 dejecisse.
1679 5043 1721 5114 Ι.
1738 5044 1771 5098 (le
1788 5050 1822 5144 qi
1837 5058 1864 5101 ιι
1880 5053 1913 5102 vi
1929 5067 2029 5106 ormor.
2047 5075 2068 5108 c.

389 5154 523 5210 rationem
543 5149 675 5219 obligari,
692 5147 797 5202 censuit
815 5141 932 5199 Srburlf.
949 5153 1019 5198 cent
1036 5153 1058 5196 1.
1070 5156 1146 5196 cons.
1161 5151 1205 5202 tn.
1254 5122 1358 5190 Wwfl·
1371 5123 1396 5174 d·
1409 5133 1525 5175 imunt·
1544 5139 1771 5224 etqommunrcot.
1789 5148 1817 5184 ιιι
1839 5143 1893 5186 etc.
1913 5133 2022 5190 Baeton
2034 5143 2071 5196 aa

391 5260 417 5294 ιι.
432 5253 457 5293 ι.
471 5251 497 5292 et
511 5239 624 5292 Roman.
637 5255 661 5290 c.
676 5247 736 5288 ιιι.
747 5252 776 5285 ιι.
790 5243 815 5284 1.
1255 5225 1277 5259 ⁶·
1292 5219 1333 5260 ¹⁰·
1347 5225 1375 5260 n·
1391 5215 1432 5259 Ν·
1444 5206 1471 5257 d·
1483 5209 1630 5306 {wlsi-'jur-
1644 5229 1674 5263 ιιι
1689 5223 1765 5308 ιιι..

425 5327 524 5379 Verum
543 5333 574 5375 nt
591 5321 624 5374 ad
643 5317 793 5392 principem
812 5323 992 5376 rerertasnnr,
1012 5309 1108 5364 durum
1127 5307 1204 5372 foret,
1294 5290 2069 5392 Qu¹Pf⁰qurdtqptcrendnmeqtstrmsmus,snprincepe
2108 5343 2139 5384 Η

391 5425 450 5468 eum
469 5406 501 5459 ad
519 5419 698 5477 quoscumque
716 5401 902 5455 ministrorum
930 5411 1073 5459 excessus,
1090 5409 1156 5464 qnos
1175 5394 1205 5448 in
1258 5379 1374 5430 '‘limi“
1385 5378 1536 5430 mimimo
1549 5394 1596 5431 ⁸⁰⁰
1608 5375 1747 5449 praeficiat
1761 5381 1896 5438 hominem
1910 5392 2000 5446 minna
2013 5409 2071 5460 pm.

392 5490 485 5546 officio
507 5489 628 5560 quotidie
655 5487 843 5551 committunt,
865 5485 1039 5552 adstringere.
1065 5480 1100 5533 Et
1123 5479 1206 5533 sacris
1259 5464 1336 5516 ¹³⁸¹&
1353 5462 1725 5563 'ihestue‘lfesflcrendps
1743 5466 2071 5537 inhabilem‚oii020m0.

391 5580 481 5639 enim,
495 5587 520 5630 et
532 5575 651 5646 profanis
664 5571 794 5643 praelecti
810 5569 985 5630 ministeriis,
998 5583 1052 5619 non
1064 5581 1133 5635 qnae
1145 5564 1206 5628 liei,
1259 5545 1294 5599 ‘¹⁰
1311 5557 1478 5645 mimium»
1497 5563 1530 5600 ⁸¹¹
1555 5567 1618 5604 tero
1642 5549 1670 5602 td
1684 5563 1852 5652 'ignoranter‘
1868 5555 1964 5610 faciat?
1988 5560 2071 5612 Priori
2111 5583 2145 5622 ῃ

391 5679 444 5716 non
464 5677 530 5729 qnae
549 5658 696 5729 principis,
716 5655 762 5710 sed
781 5671 846 5726 qnae
864 5671 909 5708 sus
927 5663 1005 5717 sunt,
1023 5659 1166 5722 quaerunt,
1180 5658 1208 5700 et
1260 5647 1321 5684 ⁰²⁵⁰
1333 5649 1482 5736 principem
1502 5634 1619 5732 absqlute
1635 5635 1781 5734 oblsgrtqm
1800 5637 1915 5740 dieamus
1933 5641 2074 5741 alumini

393 5767 439 5822 per
458 5748 498 5803 las
516 5747 615 5820 pariter
633 5744 772 5821 essnelns,
790 5761 819 5797 ac
838 5739 885 5796 sub
912 5737 1033 5812 publicae
1060 5733 1207 5790 functionis
1271 5730 1467 5792 “1³⁸¹'2l10n‘ffi
1480 5735 1529 5789 Pel
1541 5721 1670 5792 eii¹⁵¹¹¹⁰t¹¹
1685 5725 2030 5801 nrnrstmmds123q111ppe
2042 5741 2079 5782 ata
