4476 6274
281 264 334 338 6⁴9
780 253 830 314 DE
848 247 1094 310 OBLtGthotiE
1113 245 1292 308 Pollicitus
1310 263 1371 306 Ιτα.
1814 256 1865 312 osa

237 383 336 458 qnam
360 357 526 428 bonerum
552 353 605 422 vel
629 349 790 420 malarum
823 349 946 416 artium
972 347 1008 412 in
1036 341 1164 410 occulto
1196 355 1349 424 maneat,
1382 337 1439 408 sed
1473 341 1561 432 juste
1593 344 1703 438 potius
1735 351 1847 419 omnia
1883 371 1917 420 et

230 447 371 522 mndide
395 457 611 538 peraganturq
634 455 762 510 constat
786 441 846 508 boc
871 435 966 504 modo
989 431 1218 502 ministrorum
1245 435 1438 516 necessitas,
1462 434 1627 526 qui‚cum
1653 439 1805 534 nudique
1822 443 1916 532 prin·

229 565 308 632 oeps
332 539 432 606 lasces
454 560 530 602 suos
551 556 718 624 exponere
743 539 909 623 nequeat,
943 527 1052 618 ipsum
1081 523 1119 590 in
1148 522 1255 590 cilicio
1283 535 1530 614 repraesentent
1562 527 1755 622 principem.
1789 529 1917 600 Verum

228 655 305 701 „um
330 627 461 718 saepius
482 625 700 692 contrusersia
728 619 870 703 incidat,
894 641 960 708 qua
985 614 1113 682 ratione
1137 614 1209 680 sive
1238 613 1324 680 bene
1353 613 1423 680 siae
1454 613 1538 680 niele
1573 615 1656 684 lacta
1686 619 1917 691 ministrorum

231 721 416 815 principem
440 725 655 798 conueniant,
681 713 763 780 milri
781 731 858 778 sero
876 705 1042 798 specimen
1057 704 1283 770 academicum
1306 701 1473 770 edendum
1497 722 1596 788 esset,
1621 709 1745 800 placuit
1770 711 1807 776 in
1837 710 1916 779 illu·

230 815 289 880 stri
308 811 369 877 hac
392 805 547 886 materia,
570 803 613 869 de
634 803 839 896 obligatione
864 800 915 888 pri
924 796 1030 887 ncipis
1053 818 1092 859 ex
1110 794 1194 860 secto
1218 793 1380 874 ministri,
1403 793 1662 888 qualescumque
1679 799 1806 893 ingenii
1832 800 1917 868 vires

233 897 427 994 periclitari.
451 895 506 961 Tu
533 917 611 962 cero
635 893 658 959 l.
685 894 716 960 b.
741 891 916 958 conatibus
938 886 1026 954 bisce
1049 885 1180 976 exiguis
1202 881 1293 964 save,
1316 900 1349 950 et
1371 884 1397 950 si
1422 886 1458 950 in
1482 884 1654 976 aliquibus
1676 903 1839 972 erratum,
1865 890 1919 956 iu-

254 991 323 1058 enii
350 987 413 1054 mei
439 983 596 1052 tenuitati
623 984 784 1074 ignosces,
808 981 865 1047 cni
890 979 926 1046 in
943 975 1137 1070 gravissima
1163 975 1223 1041 bac
1248 974 1381 1040 oratoria
1406 971 1473 1041 labi
1497 974 1593 1043 facile
1616 977 1692 1046 suit.
1714 979 1767 1046 Sit
1791 981 1917 1071 itaque,

234 1091 387 1150 anrocato
402 1075 512 1144 divini
531 1072 685 1141 Numinis
701 1071 846 1155 auxilio,

913 1260 1161 1332 CAPUT
1199 1259 1227 1326 1.

552 1442 606 1509 Da
629 1436 835 1532 obligatione
852 1434 1023 1529 principis
1046 1432 1203 1520 exsucta
1227 1430 1378 1498 ministri
1398 1433 1436 1496 in
1457 1453 1591 1524 genere.

463 1625 484 1677 d
505 1627 535 1682 U
548 1626 585 1680 Π
598 1625 637 1678 d!
647 1623 676 1678 A
695 1625 721 1679 B
740 1623 802 1678 Η
1100 1613 1310 1685 Eremplejbri
1324 1617 1470 1671 arbitrarii.
1484 1635 1511 1670 ιι.
1526 1626 1567 1671 ιι.

1098 1701 1241 1770 Ss'rrpulare
1252 1699 1386 1770 quoddam
1400 1700 1433 1755 de
1455 1719 1519 1774 rege
1535 1699 1652 1756 Galliae.
1667 1719 1693 1754 n.
1707 1711 1748 1755 tt:

227 1799 371 1856 Bnodotio
405 1793 604 1849 uocabulorum
617 1791 694 1862 culpo
707 1801 832 1847 notoriam
843 1787 940 1843 otiosa.
952 1805 981 1842 ιι.
997 1797 1018 1840 ι.
1098 1785 1233 1858 disjicitur
1243 1783 1430 1854 singularitas.
1444 1803 1471 1836 ιι.
1484 1795 1528 1838 ιι.

233 1879 435 1954 Aequiuocatia
448 1877 532 1932 vocab
541 1876 581 1931 uli
587 1875 719 1949 principie
728 1871 905 1947 proponitur.
919 1889 945 1926 n.
960 1881 985 1922 ι.
1098 1868 1223 1924 Illastres
1234 1879 1260 1923 et
1270 1868 1405 1942 principes
1417 1887 1516 1925 omnes
1533 1867 1607 1924 litem
1619 1886 1669 1942 per
1676 1878 1862 1938 procuratores
1870 1885 1916 1940 pe·

225 1963 365 2035 Princt'pis
381 1960 530 2036 appellatio
554 1964 585 2014 in
609 1961 725 2031 negotiis
745 1956 924 2030 priuatorum
941 1953 1046 2024 praeci·
1134 1963 1242 2023 rugiant.
1254 1971 1281 2006 n.
1295 1962 1337 2006 ιι.

259 2065 343 2124 puurn
356 2047 479 2100 denotat.
492 2063 519 2099 n.
536 2057 560 2098 ι.
1098 2037 1259 2109 Principum
1283 2045 1443 2092 conmactus
1466 2053 1559 2092 omnes
1579 2037 1711 2095 dicuntur
1738 2036 1828 2092 bonae
1842 2031 1920 2106 fidei

234 2133 319 2192 Nolis
326 2131 447 2205 primm
461 2131 489 2182 in
503 2125 641 2197 republica
651 2124 823 2194 resignata.
839 2131 863 2174 t.
1136 2141 1163 2176 n.
1184 2135 1227 2175 so.

229 2223 304 2288 Quae
317 2213 463 2290 appellatio
478 2211 628 2282 pratafisit
637 2208 733 2282 primis
746 2203 964 2274 imperatoribus.
977 2221 1006 2259 n.
1020 2215 1045 2257 ι.
1102 2209 1203 2280 Opinio
1217 2207 1285 2262 lsaee
1306 2208 1491 2265 examinatur.
1505 2227 1532 2264 n.
1545 2219 1586 2263 st.
1598 2226 1653 2282 sep.

227 2303 362 2370 Princeps
375 2297 475 2368 inp'ure
488 2295 612 2352 assotana
634 2293 739 2364 positus
764 2291 877 2348 denotat
904 2289 1048 2360 imperoto-
1098 2291 1216 2344 Factum
1229 2290 1348 2346 ministri
1371 2311 1425 2363 pna
1437 2295 1547 2349 ratione
1558 2291 1601 2346 laic
1611 2289 1754 2348 sumatur?
1762 2301 1923 2362 n.⁵s·sepp.

262 2403 331 2439 rem.
345 2404 372 2438 ιι.
387 2397 410 2437 s.
1098 2373 1221 2429 Ministri
1229 2375 1382 2449 principum
1393 2377 1520 2444 disparis
1539 2375 1714 2434 conditionis.
1726 2395 1753 2431 ιι.
1768 2387 1810 2430 ιι.

228 2476 333 2529 Postea
343 2466 482 2542 principis
491 2463 641 2538 appellatis
655 2458 990 2533 adprimotpudlicorum
1004 2459 1048 2530 os·
1102 2461 1247 2527 Quomodo
1261 2460 1328 2514 alim
1351 2461 1489 2516 distincti?
1500 2481 1529 2516 n.
1543 2475 1584 2517 ιι.

253 2556 390 2628 ficiorum
402 2563 526 2609 aetenae.
545 2567 573 2602 ιι.
586 2561 610 2602 t.
1101 2545 1145 2598 De
1157 2543 1365 2602 ministrisss'mo.
1379 2566 1407 2600 ιι.
1421 2561 1464 2602 ιι.

226 2641 300 2694 Sicut
311 2639 390 2695 etad
399 2634 552 2707 provinciis
562 2633 685 2688 satana
692 2629 869 2702 praepositos·
881 2643 910 2678 ιι·
924 2635 950 2678 ⁸·
1101 2633 1149 2684 An
1164 2649 1225 2685 eum
1236 2631 1339 2686 babere
1351 2632 1479 2703 expediat
1487 2630 1625 2703 reipubl?
1638 2651 1665 2687 a.
1682 2643 1730 2686 ιι.

231 2725 334 2794 (luibae
344 2723 395 2777 alii
405 2722 480 2776 tituli
486 2715 662 2789 superadditi
676 2733 704 2768 ιι.
720 2729 745 2771 s·
1099 2715 1368 2787 Malererprinerpis
1387 2721 1484 2772 emnrt
1506 2717 1618 2784 dieitur,
1645 2719 1694 2789 pai
1714 2715 1791 2770 eirca
1813 2711 1923 2787 negotio

231 2811 445 2881 (letalescnnrpue
458 2809 622 2878 imperantes
634 2803 678 2856 Ιιίσ
687 2795 822 2872 principer
832 2796 1050 2850 mancianum.
1137 2797 1269 2866 principis
1281 2811 1436 2870 occantur.
1451 2819 1479 2856 n.
1493 2811 1538 2855 ιι.

231 2892 414 2963 Obligationis
424 2887 591 2944 vocabalum
605 2881 794 2957 quotupliciter
805 2877 951 2947 capiatur?
965 2895 993 2930 ιι.
1010 2887 1049 2927 ιι.
1101 2885 1150 2934 An
1164 2882 1199 2936 ab
1209 2879 1331 2955 officiali
1339 2883 1473 2953 differat?
1484 2903 1512 2936 n.
1528 2894 1570 2936 ιι.
1581 2896 1653 2952 capp.

232 2977 311 3044 Quae
337 2977 387 3031 isac
410 2991 474 3032 uasa
497 2973 608 3030 dicatur
629 2966 770 3024 naturalis
794 2961 952 3034 alligatio?
964 2979 991 3014 ιι.
1008 2970 1049 3013 ιι.
1102 2967 1147 3020 De
1156 2977 1336 3037 procuratore
1348 2967 1479 3024 caesars's.
1491 2985 1519 3020 n.
1533 2974 1576 3020 st.

264 3070 331 3114 etse
367 3100 372 3113 .
1119 3085 1134 3115 s

228 3079 453 3212 Anpniiepseae
470 3132 876 3206 cenesaesnosttgemrtnns.
1102 3083 1242 3190 boleium
1257 3145 1299 3190 eet
1329 3134 1400 3188 circa
1437 3130 1572 3187 exercitia
1600 3130 1748 3185 academica
1770 3125 1909 3200 occupatis
1964 3147 1975 3189 a

233 3229 367 3300 Princeps
379 3244 438 3282 cam
447 3221 575 3294 principe
597 3221 766 3276 contrairent
791 3233 827 3270 ee
846 3212 1051 3286 inruentium
1104 3221 1279 3276 terminorum
1298 3221 1404 3290 primo,
1432 3224 1494 3288 post
1513 3231 1601 3268 rerum
1626 3212 1812 3268 enodationem
1835 3226 1931 3282 propo·

265 3310 360 3368 aalide
371 3310 517 3380 alligatur.
529 3327 558 3362 ιι.
575 3318 616 3360 ts.
1103 3317 1167 3355 uere
1182 3319 1190 3364 ς
1207 3318 1272 3371 quse
1297 3299 1405 3371 quidem
1442 3297 1573 3350 industria
1592 3295 1633 3348 uti
1651 3314 1696 3351 sua
1714 3313 1767 3349 noo
1784 3297 1869 3348 caretl
1885 3309 1929 3348 au·

233 3399 327 3454 ilatio.
340 3415 369 3449 n.
387 3405 427 3446 tt.
1104 3387 1152 3452 de,
1169 3388 1208 3439 ita
1219 3388 1376 3458 quandoque
1401 3387 1515 3440 otiosam
1534 3385 1636 3438 redolet
1651 3383 1801 3446 solertiam,
1826 3380 1850 3435 ei
1874 3391 1929 3436 ter·

230 3479 304 3550 Quid
314 3477 470 3549 etprincepa
481 3492 498 3526 a
509 3471 631 3542 principe
651 3469 808 3542 compulsus
830 3467 992 3530 menatae.
1012 3479 1050 3516 on
1103 3473 1238 3524 minorum
1269 3471 1367 3524 notitia
1384 3471 1535 3542 promiscue
1552 3475 1650 3538 pateat.
1661 3468 1926 3537 Quapropteretceo

262 3563 368 3616 resilire
379 3563 468 3614 liceat.
483 3576 511 3611 n.
526 3568 567 3610 ιι.
1105 3557 1225 3610 merebor
1241 3555 1364 3619 seniora,
1394 3553 1418 3607 ei
1438 3553 1467 3607 in
1485 3553 1627 3606 verborum
1645 3551 1779 3620 originem
1804 3566 1859 3604 non
1881 3548 1927 3604 iu·

226 3649 359 3704 Rationes
371 3663 422 3713 pre
435 3641 625 3716 affirmatius.
638 3655 668 3690 e.
685 3649 726 3690 ιι.
740 3647 853 3709 etsepp.
1104 3641 1253 3709 quieuere,
1273 3649 1364 3710 utpote
1381 3653 1453 3708 quae
1484 3636 1513 3689 io
1533 3633 1646 3689 obscuro
1664 3649 1717 3686 uoa
1737 3643 1797 3700 eat,
1815 3633 1878 3688 lieet
1896 3632 1927 3688 ia

226 3732 360 3788 dictiones
368 3749 420 3799 pro
435 3725 565 3798 negotiosi.
576 3745 604 3777 n.
618 3736 660 3776 ιι.
673 3733 701 3776 st
711 3739 782 3791 seqq.
1104 3725 1200 3778 talibus
1218 3742 1271 3778 non
1290 3722 1398 3778 deficiat
1430 3720 1598 3791 ingeniorum
1616 3719 1689 3772 lutus
1700 3755 1709 3784 ,
1722 3721 1760 3772 uti
1771 3715 1881 3788 quidem
1893 3717 1927 3770 de

226 3815 335 3872 linai
345 3833 423 3870 nova
434 3814 501 3868 beili
510 3826 595 3866 carue
608 3804 808 3880 supervenerit.
823 3825 852 3860 n.
865 3815 906 3859 ιι.
1104 3807 1270 3861 derivatione
1304 3806 1440 3878 principie
1464 3805 1556 3859 sidere
1577 3803 1639 3856 licet
1662 3804 1733 3872 apud
1759 3803 1843 3856 Geth.
1865 3801 1927 3858 lois.

232 3892 746 3971 (lnidsiprinceptaprincipeamiae
766 3891 797 3942 ia
815 3899 962 3946 contracte
987 3891 1050 3947 lee-
1104 3895 1182 3946 Voss.
1199 3892 1232 3946 de
1243 3901 1294 3944 art.
1311 3907 1427 3963 gramm.
1450 3889 1495 3943 lib.
1521 3899 1546 3942 t.
1569 3887 1691 3943 ceenat.
1715 3903 1739 3940 c.
1768 3895 1809 3938 ιι.
1827 3885 1923 3942 isidor.

263 3998 318 4038 sue.
330 3999 358 4034 n.
374 3991 417 4036 tc.
881 3973 886 3980 ’
1102 3977 1149 4030 lii.
1163 3989 1186 4031 ι.
1198 3977 1307 4050 etymol.
1320 3975 1406 4031 suu
1430 3992 1505 4048 regn.
1526 3986 1552 4030 et
1564 3973 1679 4030 militiae
1700 3975 1798 4028 oecal-
1822 3973 1921 4028 Ritter.

233 4067 278 4122 De
287 4065 412 4137 principe
425 4065 605 4126 minorem,
618 4057 763 4113 remissice.
777 4075 801 4110 n.
819 4067 862 4108 tt.
1103 4063 1136 4116 de
1148 4065 1257 4134 lsomag.
1270 4081 1296 4116 c.
1311 4071 1334 4114 t.
1349 4079 1423 4118 num.
1439 4073 1482 4116 ιι.
1493 4079 1563 4132 sopp.

230 4153 395 4206 Contractus
405 4149 564 4220 principum
582 4142 690 4214 imperii
704 4141 771 4214 juri
794 4139 935 4196 communi
955 4140 1049 4215 salja·
1140 4147 1180 4198 Ab
1197 4145 1416 4216 aequivocatione
1430 4143 1527 4216 potius
1540 4143 1678 4200 liberanda
1698 4144 1837 4208 vocabule,
1850 4141 1930 4214 qnip-
1965 4146 1977 4187 ²

265 4245 335 4290 cent.
347 4254 375 4288 n.
392 4245 433 4287 ιι.
1106 4247 1138 4300 pe
1159 4231 1227 4300 qoud
1246 4231 1436 4285 subsecuturae
1454 4229 1586 4284 decisioni
1605 4233 1690 4284 lacem
1711 4229 1805 4282 afferat
1823 4245 1876 4283 uon
1889 4230 1928 4282 le·

230 4323 277 4373 An
290 4321 414 4386 princeps
426 4320 616 4370 eaeontraeta
628 4306 1048 4377 consarcinatttgesurtnns.
1104 4331 1174 4366 sem:
1198 4322 1225 4368 et
1243 4324 1274 4367 ιιι
1292 4314 1386 4369 merito
1406 4315 1525 4386 primum
1544 4315 1614 4386 capit
1631 4312 1717 4367 inaura
1736 4313 1877 4384 princeps,
1892 4313 1930 4366 ita

228 4403 420 4475 Dists'nguitar.
435 4418 461 4453 ιι.
473 4415 515 4454 so.
1103 4399 1242 4470 primodo
1260 4401 1317 4468 ejus
1336 4399 1489 4469 acceptione
1506 4399 1606 4467 paucis.
1630 4397 1665 4451 Ει
1681 4396 1791 4468 quidem
1811 4395 1927 4468 priuatos
1966 4435 1978 4476 3

228 4489 360 4556 Princeps
380 4481 617 4544 eatsstispulslicoe
642 4477 745 4532 inlidit
768 4477 936 4532 tvniroltw
961 4475 1049 4547 ipim
1105 4485 1167 4539 illos
1185 4483 1333 4537 eminentis
1358 4483 1478 4538 vocabuli
1503 4499 1566 4534 usas
1592 4497 1749 4552 separamus
1773 4480 1857 4547 illico,
1880 4478 1927 4533 nbi

264 4571 391 4642 rempubl.
403 4569 513 4638 alligat.
527 4583 555 4618 n.
571 4577 611 4619 ιι.
625 4579 698 4634 sepp·
1103 4569 1280 4640 praecipuam
1298 4567 1424 4638 quemvis
1443 4565 1567 4629 denotat,
1587 4565 1652 4620 adeo
1670 4577 1698 4620 at
1715 4565 1841 4636 princepe
1860 4564 1930 4636 lega·

230 4655 362 4722 Princeps
374 4653 403 4706 in
415 4651 461 4706 sai
471 4649 643 4703 commodum
665 4649 832 4702 contrairent
849 4643 915 4718 jm
929 4644 1049 4712 siricolo·
1107 4651 1207 4716 tionis,
1226 4651 1313 4705 Tacit.
1333 4649 1378 4703 lii.
1402 4661 1425 4702 ι.
1442 4649 1538 4702 annal.
1556 4666 1580 4701 c.
1596 4661 1638 4703 ιι.
1650 4669 1679 4703 ιι.
1694 4661 1719 4702 ι.
1735 4647 1865 4721 Princeps
1877 4651 1927 4702 bo·

265 4739 598 4804 matiriacensneep.
1105 4753 1197 4788 aarum
1217 4734 1338 4798 artium,
1356 4733 1440 4788 Tacit.
1458 4733 1507 4787 lid.
1534 4743 1574 4786 ιι.
1597 4735 1695 4790 annal.
1724 4753 1747 4788 c.
1774 4743 1840 4786 m.
1856 4743 1879 4788 ι.
1899 4743 1928 4788 et

229 4825 288 4876 Nec
299 4817 431 4893 rempubl.
442 4820 481 4872 ito
490 4817 603 4888 obligat.
615 4831 648 4868 ιι.
662 4823 703 4866 ιι.
1102 4819 1243 4891 principes
1265 4819 1426 4875 delictorum
1445 4818 1555 4887 dentur,
1574 4819 1594 4872 1.
1611 4818 1699 4889 toff.
1720 4819 1748 4872 d.
1771 4834 1848 4872 remo
1862 4838 1925 4875 cor·

229 4905 323 4960 Limit.
338 4923 365 4958 n.
381 4913 423 4956 st·
1103 4921 1165 4971 rup.
1187 4902 1279 4958 Potine
1298 4921 1349 4974 qua
1367 4901 1500 4975 rempubl.
1510 4902 1700 4975 respicitbaec
1710 4919 1777 4968 ros,
1796 4903 1848 4956 tce
1862 4921 1923 4975 per·
1961 4933 1974 4974 4

230 4994 278 5046 An
291 5007 328 5044 ea
339 4997 482 5043 conuecta
505 5001 566 5039 cam
589 4979 697 5038 subdito
717 4980 778 5051 prin
785 4996 848 5047 ceps
871 4977 1050 5034 cs'viiiiervtl
1105 4987 1188 5050 tinet,
1207 4999 1232 5041 et
1250 4987 1288 5040 ita
1305 5001 1366 5042 enm
1384 4988 1508 5052 denotat,
1526 4989 1572 5056 qui
1587 4989 1706 5058 primum
1718 4987 1748 5042 iu
1761 5005 1817 5060 rep.
1835 4989 1922 5043 locum

266 5074 433 5128 naturaliter
443 5067 700 5138 alligaturam.
1102 5079 1190 5136 tenete
1208 5069 1277 5139 quod
1295 5071 1404 5142 qnidam
1423 5070 1578 5125 eocaltuluro
1592 5069 1622 5123 io
1636 5080 1739 5125 tantum
1754 5071 1850 5142 placuit
1862 5075 1923 5144 pri·
1962 5075 1975 5116 ⁵

227 5160 258 5212 Si
267 5158 362 5212 salutis
373 5155 498 5224 publicae
510 5145 921 5218 intuitucontralratmllipetio
937 5156 1049 5204 santum
1102 5156 1154 5206 mis
1172 5169 1342 5208 romanorum
1361 5155 1447 5226 impp.
1465 5163 1496 5208 nt
1513 5154 1584 5206 bunc
1601 5155 1709 5209 titulum
1728 5156 1782 5209 eibi
1801 5173 1854 5210 non
1882 5157 1927 5210 iu·

265 5241 397 5296 aasssralis
407 5247 456 5292 est.
468 5257 496 5292 n·
510 5249 553 5292 ιι.
1102 5240 1158 5292 rito
1177 5237 1275 5308 populo
1290 5249 1424 5309 tamquam
1435 5237 1523 5292 minus
1538 5235 1654 5292 innisum
1669 5237 1875 5302 siudimeerinta
1892 5241 1924 5293 in

231 5325 332 5386 Aliud,
344 5323 370 5375 si
380 5339 430 5377 suo
444 5321 553 5375 rsomioe
565 5317 749 5372 consenserit.
773 5331 800 5368 ιι.
817 5324 859 5366 tn.
872 5333 941 5386 sopp.
1103 5323 1192 5391 specie
1210 5337 1273 5375 seru
1293 5321 1424 5390 Augustus
1441 5329 1534 5374 cuncta
1553 5319 1631 5373 bellis
1642 5321 1770 5376 cisilibua
1784 5323 1857 5378 iesse
1871 5341 1922 5376 oo-

230 5399 705 5460 Assadcontractusobserrontiam
723 5397 794 5467 cogi
811 5399 1054 5470 possitprinceps?
1104 5405 1177 5456 ruine
1194 5403 1330 5475 principis
1347 5403 1397 5457 sub
1416 5403 1561 5475 imperium
1579 5405 1695 5476 accepit,
1713 5406 1802 5459 Tacit.
1821 5405 1870 5460 lii.
1903 5418 1925 5460 t.
1963 5431 1976 5470 ι

267 5505 295 5539 n.
307 5498 349 5541 ιι.
1103 5489 1232 5545 annale.
1250 5498 1272 5540 ι.
1286 5507 1314 5540 ιι.
1329 5499 1352 5542 ι.
1373 5489 1394 5542 tt
1413 5506 1466 5557 quo
1483 5497 1603 5558 ternpore
1621 5489 1761 5560 proprium
1782 5489 1838 5544 iere
1852 5491 1922 5545 huuc

86 5607 106 5633 x
171 5592 176 5603 =
230 5569 343 5638 Affirm-
356 5571 382 5624 si
392 5569 561 5639 superiorem
575 5577 715 5642 agnoscat.
734 5583 762 5620 ιι.
777 5575 819 5619 ii.
1104 5571 1212 5625 titulum
1231 5571 1285 5626 sibi
1303 5569 1476 5626 vindicarunt
1493 5573 1682 5642 subsequentes
1699 5575 1783 5646 impp.
1802 5573 1878 5638 adeo,
1892 5585 1924 5628 nt

235 5653 341 5724 quidsi
352 5654 510 5710 walaiae?
522 5671 550 5707 n.
561 5663 601 5707 es.
1103 5655 1131 5708 in
1150 5657 1209 5725 jure
1227 5673 1337 5712 romano
1356 5653 1492 5728 principis
1508 5657 1649 5730 appellatio
1667 5657 1829 5732 simpliciter
1848 5661 1922 5730 posi-

2005 5656 2067 5676 ‘-
