4348 6282
531 495 865 575 assemsum
894 495 1164 582 viciosum
1197 493 1376 576 rusus

309 693 412 811 uu
465 693 1141 816 uuuuuutuuttttouu
1193 692 1579 822 uuituuutt.

672 931 726 972 niu
748 935 793 974 tv.
819 931 888 970 stit.
914 929 997 971 attilo
1021 929 1225 970 mimum.

748 1099 1145 1146 attractatus!

373 1251 600 1325 HEINRICO
624 1253 849 1326 GOTTLOB
872 1253 940 1322 DE
964 1247 1264 1336 SClILEINITZ,
1287 1249 1396 1342 EQU.
1420 1247 1540 1318 ttlstt.

661 1489 1223 1540 ...ψει-

777 1763 1026 1835 CAPUT
1072 1765 1125 1833 Ῑ..

590 1955 643 2024 De
660 1953 938 2048 praesumptione
947 1947 1096 2041 feudali
1117 1953 1155 2018 in
1178 1974 1309 2042 genere.

336 2152 676 2214 ΗΙΗΑΒΙΑ

24 2315 25 2320 ’
92 2324 406 2390 tagresuu.n.t.s.s.

24 2391 26 2492 ζ
93 2402 521 2474 Defint'tiopraesumptionis.n.
538 2418 562 2464 ts

92 2486 167 2540 Alia
182 2485 297 2540 breuior.
311 2505 340 2540 ιι.
355 2498 378 2540 ι.

91 2568 278 2640 Definitionis
291 2571 370 2644 liujus
379 2587 467 2644 genus
478 2583 519 2628 est
530 2573 633 2644 opinio.
647 2593 676 2629 rs.
693 2591 717 2635 s.

94 2655 217 2726 Quando
227 2660 410 2730 praesumptio
421 2657 449 2712 in
454 2659 521 2732 jure
533 2658 727 2716 sustossoria.
741 2670 764 2714 t.

94 2737 154 2792 Ubi
160 2741 347 2809 praesumptio
360 2741 451 2796 locum
463 2761 521 2798 non
533 2744 657 2800 tomas?
669 2764 696 2797 n.
713 2757 738 2798 ι.
752 2755 777 2798 t.

90 2821 240 2878 Iudicatur
250 2825 297 2878 ubi
306 2826 388 2898 liujus
398 2830 498 2881 asserti
507 2827 615 2884 limitat.
628 2829 796 2902 reperienda.
809 2845 838 2886 ιι.
853 2839 896 2884 to.

95 2907 162 2958 Una
171 2908 358 2978 praesumptio
371 2909 445 2963 tollit
458 2910 556 2964 alium·
567 2928 594 2964 n.
612 2923 621 2964 t
632 2923 655 2965 ι·.

93 2989 236 3057 Quamdiu
248 2991 315 3044 lscee
324 2991 419 3062 opinio
431 3010 484 3061 pro
498 2995 611 3050 ueritate
622 2997 771 3052 labenda?
783 3015 812 3052 n.
827 3006 868 3052 tt.

24 3131 25 3134 ,
94 3072 177 3128 Unde
189 3073 281 3144 opinio
294 3075 347 3131 ista
361 3077 538 3134 assumatur?
547 3099 575 3134 ιι.
591 3091 631 3135 ιι.

26 3235 27 3240 ¹
94 3159 188 3226 (letare
200 3160 265 3212 lmec
275 3159 385 3216 dicatur
396 3162 548 3218 rertsimttts
559 3166 603 3220 uel
610 3166 782 3236 probabilis?
794 3186 824 3222 u.
839 3179 879 3224 tt.

94 3250 190 3314 Quare
208 3257 283 3302 certa
302 3249 396 3320 aliqua
422 3251 563 3310 evidentia
582 3271 711 3325 apparere
729 3273 788 3312 non
807 3255 925 3312 debeat?

133 3348 160 3384 n.
183 3344 225 3386 15.

25 3399 28 3434 ²
93 3417 190 3485 Quare
199 3417 230 3471 in
242 3415 403 3490 defiuitione
413 3419 577 3480 indiciorum
591 3422 779 3496 mentiofiot?
791 3445 819 3478 n.
834 3438 877 3479 tc.

94 3507 171 3574 Quot
182 3503 285 3558 indicio
296 3507 474 3574 requirantur
485 3509 537 3561 uid.
551 3526 596 3579 ap.
610 3511 737 3562 Menoeis.
749 3529 778 3562 u.
793 3521 833 3563 ιι.

98 3589 243 3662 Quaestio,
257 3607 294 3646 on
304 3591 487 3662 pmesumptio
501 3593 529 3646 in
534 3595 607 3663 foro
619 3594 804 3654 conscientiae
811 3596 924 3668 probet?

132 3693 161 3728 n.
185 3684 225 3728 lb.

26 3827 27 3846 γ
92 3759 286 3830 liespondetur
298 3759 338 3814 ud
347 3762 541 3832 quaestionem.
555 3781 584 3816 n.
602 3775 642 3820 ιι.
651 3784 721 3838 seqq.

26 3911 29 3940 .
92 3845 264 3914 Exemplum
277 3847 316 3900 od
326 3847 413 3900 illum.
427 3866 453 3901 n.
468 3859 510 3902 ιι.
521 3859 564 3902 ιι.

93 3929 203 3984 tttatsac
220 3945 238 3982 a
257 3928 300 3983 dd.
317 3930 496 4002 prsfiruntur
503 3933 758 4007 praesumptionum
770 3937 921 3995 astructio·

134 4029 189 4066 nes.
203 4033 231 4066 n.
247 4025 288 4067 ιι.

92 4099 146 4152 Ee
160 4097 253 4170 quibus
264 4099 309 4152 liic
323 4100 378 4156 duo
401 4109 510 4156 tantum
526 4114 738 4174 proponuntur,
748 4106 817 4180 legis
835 4125 873 4162 sc.
895 4119 922 4164 et

132 4183 263 4237 bominis.
278 4201 307 4236 n.
323 4193 366 4240 ts.

27 4253 29 4280 ¹
94 4265 251 4322 subdivisio
261 4271 494 4339 praesumptionis
505 4271 585 4343 legis,
606 4275 637 4326 in
657 4271 730 4343 juris
754 4284 876 4344 tautum,
895 4289 922 4335 et

125 4353 202 4425 jun's
215 4363 242 4406 el
255 4353 369 4426 dejure.
382 4373 410 4407 n.
426 4365 468 4408 ut.
484 4365 527 4407 tt.

96 4438 250 4507 Descriptio
262 4440 494 4510 praesumptionis
499 4441 582 4515 juris.
596 4462 623 4496 ιι.
636 4453 679 4497 ts.

101 4527 179 4591 (tuae
192 4521 349 4576 illustratur
357 4527 580 4594 perecemplum.
592 4545 620 4580 n·
634 4539 677 4583 to.

96 4612 131 4663 ln
150 4625 267 4678 quonam
291 4609 445 4664 consistant
467 4610 541 4665 vires
569 4611 651 4685 liujus
672 4613 921 4686 praesumptionis?

135 4712 163 4748 lt.
186 4705 228 4748 31.

95 4777 242 4836 destrictio
260 4781 412 4832 sententiae
430 4778 554 4832 Menoeh.
572 4779 591 4834 Ι.
612 4789 635 4836 ι.
651 4797 677 4853 q.
697 4793 740 4838 et.
758 4798 786 4836 tt.
812 4791 834 4834 t.
854 4787 919 4838 item

133 4863 208 4917 Fuls.
235 4861 294 4914 Pac.
320 4861 353 4914 de
366 4861 469 4930 probet.
483 4863 500 4916 l.
517 4877 575 4916 t.c.
600 4878 625 4919 t.
648 4883 677 4918 u.
697 4878 739 4920 ts.
757 4886 784 4920 n.
806 4877 848 4922 st.
876 4882 918 4924 ιι.

98 4955 193 5018 Quare
203 4948 294 5021 judea
306 4949 392 5017 juata
412 4948 491 5000 bunc'
499 4951 757 5023 praesumptionem,
769 4951 796 5004 si
806 4951 838 5005 de
850 4973 920 5010 con·

136 5031 223 5086 truria
242 5049 301 5086 nan
317 5032 423 5104 liquido
441 5042 562 5100 constet,
579 5035 764 5103 pronunciare
779 5039 922 5094 teneatur?

132 5139 161 5173 n.
183 5127 223 5172 tt.

92 5203 291 5274 Praesumptio
302 5201 378 5276 juris
396 5201 516 5259 solidior
533 5213 573 5257 est
588 5201 740 5274 s.·mipiena
749 5202 920 5273 probatione.

132 5306 161 5340 st·
182 5297 225 5341 lb.

96 5373 228 5443 Effectus
240 5371 331 5444 iujos.
345 5387 373 5422 n.
388 5381 430 5424 es.

102 5456 296 5528 Transgressio
320 5453 359 5507 ad
379 5453 632 5526 praesumptionem
650 5457 725 5531 juris
745 5469 772 5514 et
794 5459 919 5534 dejure.

135 5563 162 5596 rt.
184 5553 227 5594 st.

95 5625 252 5696 Descriptio
261 5621 493 5697 praesumptionis
496 5621 572 5697 jam
585 5633 615 5686 et.
624 5626 734 5703 dejure.
752 5647 783 5686 n.
795 5641 837 5690 ts.

94 5710 264 5764 Declaratur
275 5711 408 5780 exemplo·
422 5728 449 5763 n.
464 5721 504 5766 tt.

97 5795 191 5862 Quare
197 5793 271 5872 juris
285 5804 311 5848 et
323 5793 429 5863 dejure
439 5791 568 5850 dicatur?
580 5813 606 5850 n.
621 5807 661 5854 to.

290 5877 390 5951 Strylsii
410 5879 472 5936 l'ol.
490 5880 509 5932 1
513 5879 545 5936 V.

972 2145 1100 2214 Effectus
1114 2147 1181 2219 ep'us.
1195 2167 1224 2204 n.
1237 2157 1279 2202 tt.

972 2230 1121 2286 limitatio.
1133 2251 1161 2285 a.
1175 2243 1216 2286 ιι.

979 2315 1171 2385 Transgressio
1185 2319 1223 2373 at
1230 2317 1481 2391 praesumptionem
1495 2314 1665 2372 lominica.
1680 2325 1722 2370 ιι.

973 2403 1038 2470 Eius
1050 2400 1206 2472 descriptio.
1219 2422 1246 2458 n.
1264 2413 1306 2458 tt.

974 2487 1030 2542 Dd.
1041 2487 1076 2540 de
1089 2488 1142 2541 lmc
1155 2488 1256 2556 opinio.
1269 2507 1297 2542 rs.
1313 2499 1354 2542 ts.

973 2571 1065 2640 liujus
1077 2570 1215 2638 opinionis
1227 2574 1346 2644 rejectio.
1360 2589 1387 2626 n.
1400 2582 1444 2626 tc.

974 2657 1066 2730 Hujus
1074 2656 1303 2728 praesumptionis
1315 2653 1417 2712 diusmo
1429 2653 1460 2708 in
1472 2652 1617 2710 uiolentam
1629 2661 1657 2707 et
1671 2649 1798 2724 probali-

1009 2742 1073 2795 lem.
1087 2761 1115 2794 ιι.
1131 2753 1172 2794 ιι.

974 2825 1130 2894 Descriptio
1140 2823 1370 2898 praesumptionis
1381 2820 1532 2877 uiolentae·
1543 2837 1570 2874 n.
1584 2830 1628 2873 ts.

975 2912 1143 2982 Exemplum
1156 2911 1306 2984 subjicitur.
1320 2929 1348 2961 n.
1363 2917 1404 2961 ts.

975 2998 1130 3066 Descriptio
1142 2993 1374 3067 praesumptionis
1381 2991 1538 3063 probabitis.
1551 3009 1579 3046 tt·
1594 3003 1638 3047 io.

975 3083 1166 3150 Exemplors’a.
1183 3101 1211 3136 rs.
1226 3093 1269 3135 tt.
1645 3136 1649 3146 ¹

976 3173 1025 3226 Aa
1038 3171 1163 3241 probatio
1175 3179 1271 3222 contra
1283 3185 1342 3220 eam
1353 3163 1535 3220 admittatur?
1544 3181 1573 3218 rt·
1588 3173 1630 3216 ιι.

974 3257 1160 3327 Subjiciuntur
1170 3254 1316 3308 axiomata
1327 3253 1473 3323 quaedam,
1489 3247 1584 3319 quibus
1593 3245 1708 3302 auriliis
1719 3255 1798 3300 uten-

1010 3343 1084 3406 dom,
1096 3344 1122 3394 si
1131 3339 1243 3394 dulium
1257 3338 1290 3391 de
1303 3335 1460 3407 reflsudali
1481 3343 1619 3390 occurrat.
1639 3351 1668 3386 n.
1691 3345 1733 3386 so.
1754 3341 1797 3384 tt.

1014 3439 1056 3480 bb·
1070 3439 1113 3480 56.
1127 3436 1168 3478 bi.
1181 3435 1224 3476 58.

974 3511 1113 3568 Eetensic
1125 3525 1221 3564 eorum
1234 3507 1272 3563 ad
1278 3507 1327 3577 p'us
1338 3511 1409 3563 dae.
1424 3523 1452 3560 ιι.
1466 3516 1508 3559 ιι.

976 3599 1046 3652 item
1059 3593 1189 3664 adseuda
1202 3591 1318 3664 regalia,
1330 3590 1598 3648 controuersiainter
1606 3587 1796 3660 imperatorem

1010 3693 1036 3738 et
1047 3680 1156 3746 imperii
1165 3690 1268 3735 statum
1280 3679 1408 3746 desem
1423 3687 1496 3730 orta.
1510 3695 1538 3730 n.
1554 3689 1596 3731 to.
1610 3686 1652 3730 et.

979 3765 1128 3822 Coronidis
1140 3765 1200 3816 loeo
1214 3772 1337 3824 notatur,
1349 3778 1402 3830 qua
1414 3763 1526 3816 ratione
1539 3759 1725 3830 praesumptio
1730 3757 1799 3827 seu-

1011 3851 1082 3907 dalis
1091 3849 1181 3904 stricti
1187 3847 1261 3918 juris
1272 3848 1317 3900 sit.
1333 3865 1362 3898 n.
1378 3856 1410 3898 es

974 3969 1114 4077 Manum
1132 4021 1272 4076 admotum
1290 4015 1360 4070 mihi
1380 4017 1416 4071 ad
1440 4017 1568 4072 thematis
1593 4013 1679 4070 nostri
1704 4023 1798 4068 tracta-

975 4110 1092 4176 tiouem,
1112 4109 1204 4164 statim
1224 4105 1252 4158 in
1271 4104 1370 4157 limiae
1382 4103 1475 4174 quasi,
1494 4099 1676 4174 receptissima
1689 4098 1798 4168 quidem

971 4197 1105 4260 methodo,
1119 4211 1175 4248 sese
1185 4189 1264 4246 cliett
1276 4190 1380 4242 curiosa
1396 4206 1491 4244 vocum
1507 4186 1650 4250 enodatio,
1663 4201 1729 4254 quae
1741 4191 1799 4236 uttst

972 4279 1050 4334 laude
1068 4295 1114 4332 sua
1133 4293 1186 4330 nou
1205 4275 1384 4340 destituatur,
1403 4283 1446 4340 et,
1466 4272 1537 4344 quoti
1554 4275 1639 4340 ejuut,
1652 4266 1798 4340 pulchrum

972 4374 1127 4430 censeatur,
1145 4361 1175 4414 in
1195 4359 1324 4414 uestibulo
1352 4375 1381 4412 se
1406 4358 1484 4429 psius
1511 4370 1690 4427 praeparare,
1717 4367 1799 4422 quam

973 4453 1062 4523 ipsum
1080 4449 1177 4502 salutes
1195 4443 1360 4510 triclinium
1381 4459 1461 4496 uemo
1481 4453 1583 4503 tamea,
1610 4447 1641 4490 ut
1667 4453 1726 4490 mes
1744 4434 1799 4488 iert

972 4533 1085 4599 boisseio,
1105 4533 1254 4604 sequiorem
1272 4529 1302 4582 iu
1320 4537 1424 4606 partem
1437 4521 1680 4595 interpretabitur,
1696 4521 1720 4574 si
1734 4520 1798 4572 mis·

972 4641 1000 4676 se
1017 4622 1065 4672 huc
1080 4619 1162 4672 otiosa
1181 4613 1334 4683 diligentia,
1352 4627 1420 4682 quae
1438 4610 1466 4664 in
1486 4607 1694 4662 notissimorum
1720 4619 1797 4662 soce·

972 4706 1096 4761 boiorum
1115 4699 1339 4773 explicationibus
1357 4694 1498 4759 consistit,
1518 4709 1562 4774 me
1581 4691 1674 4746 statim
1691 4690 1726 4744 ad
1739 4707 1797 4744 retu

971 4789 1057 4862 ipsum
1076 4785 1225 4848 couiemm,
1246 4783 1340 4836 ductus
1359 4777 1477 4832 maxime
1496 4777 1599 4830 ratione
1610 4776 1679 4846 legis
1696 4785 1719 4830 ι.
1732 4773 1756 4848 5.
1773 4786 1796 4827 ι.

971 4875 1042 4928 oerb.
1054 4873 1102 4926 sed
1115 4879 1144 4925 ut
1157 4869 1245 4922 subtil.
1256 4887 1282 4921 c·
1295 4867 1327 4922 de
1340 4875 1422 4918 const.
1433 4881 1532 4935 peessn.
1550 4864 1594 4916 cui
1612 4874 1638 4918 et
1655 4861 1717 4918 hacc
1734 4861 1798 4917 sub·

972 4957 1056 5013 tilitas
1072 4953 1221 5026 improbari
1240 4951 1355 5013 ridetur,
1374 4959 1401 5002 et
1418 4949 1437 5000 l.
1452 4959 1476 5000 ι.
1490 4945 1581 5016 infin.
1601 4963 1625 5000 c.
1643 4964 1743 5002 comm.
1763 4946 1797 5000 ds

972 5043 1024 5114 leg.
1041 5039 1087 5094 ubi
1107 5039 1252 5110 imperator
1270 5033 1373 5098 innuit,
1385 5031 1455 5104 quod
1468 5047 1520 5084 nou
1535 5029 1639 5098 serbis,
1654 5032 1700 5084 sed
1716 5032 1795 5086 rebus

970 5129 1042 5197 leges
1061 5127 1190 5194 imponat.
1208 5117 1306 5190 Ecquis
1324 5117 1396 5170 enim
1415 5123 1471 5180 est,
1489 5115 1536 5184 qui
1555 5115 1659 5185 ignoret
1670 5117 1734 5171 sutis
1747 5136 1795 5172 no·
1834 5149 1847 5191 2

972 5213 1068 5268 tarium
1087 5207 1154 5261 ittut
1172 5205 1265 5274 isuper
1283 5200 1401 5259 socebuii
1425 5199 1666 5272 praesumptionis?
1694 5203 1795 5258 Pariter

970 5309 997 5354 et
1013 5292 1130 5351 vocubuli
1149 5288 1270 5344 leudulis.
1287 5289 1329 5340 De
1345 5286 1420 5354 cujus
1438 5282 1599 5337 derivatione
1616 5283 1669 5356 legi
1682 5299 1796 5343 meretur
1833 5301 1845 5340 ι

972 5384 1056 5436 Strus.
1073 5397 1095 5432 c
1111 5375 1183 5428 λιιι.
1200 5386 1220 5427 ι.
1234 5391 1261 5426 n.
1275 5383 1300 5424 ι.
1319 5372 1371 5424 Du.
1390 5369 1490 5438 Eybeu.
1509 5365 1702 5440 elect.seuslal.
1725 5387 1748 5424 c.
1771 5386 1794 5426 t.

970 5465 1008 5518 tls.
1024 5477 1065 5518 to.
1079 5461 1172 5532 Carpe.
1186 5455 1339 5528 disp-scusi
1357 5469 1378 5508 t.
1391 5453 1427 5509 tls.
1443 5462 1483 5508 tt.

1006 5549 1052 5603 Est
1068 5558 1154 5601 autem
1181 5541 1362 5617 praesumptio
1385 5537 1547 5594 existimatio
1569 5555 1605 5591 ex
1629 5539 1740 5594 iudiciis
1765 5557 1794 5596 sc
1831 5549 1845 5592 ι

969 5633 1128 5702 aossjecturis
1146 5631 1180 5684 de
1198 5647 1242 5699 re,
1253 5647 1321 5700 quse
1339 5629 1469 5700 usquein
1487 5645 1516 5682 se
1538 5627 1647 5683 evidens
1671 5637 1712 5682 est
1735 5628 1794 5683 eui·

971 5719 1094 5772 stimanti
1110 5717 1143 5770 de
1156 5717 1218 5784 ills,
1232 5733 1317 5786 aeque
1330 5715 1370 5768 iili
1383 5715 1461 5786 pleae
1472 5713 1581 5786 probata
1593 5710 1705 5768 testibus
1719 5715 1796 5768 omui

970 5803 1124 5878 exceptione
1142 5799 1306 5878 majoribus,
1325 5809 1353 5856 et
1369 5817 1448 5874 quatu
1467 5817 1516 5856 uec
1526 5797 1648 5870 legitime
1658 5795 1796 5854 ωαίιιιιι

1548 5895 1579 5942 ii
