<?xml version="1.0" encoding="UTF-8"?>
<!DOCTYPE html PUBLIC "-//W3C//DTD XHTML 1.0 Transitional//EN"
    "http://www.w3.org/TR/xhtml1/DTD/xhtml1-transitional.dtd">
<html xmlns="http://www.w3.org/1999/xhtml" xml:lang="en" lang="en">
 <head>
  <title>
</title>
<meta http-equiv="Content-Type" content="text/html;charset=utf-8" />
  <meta name='ocr-system' content='tesseract 3.04.00' />
  <meta name='ocr-capabilities' content='ocr_page ocr_carea ocr_par ocr_line ocrx_word'/>
</head>
<body>
  <div class='ocr_page' id='page_1' title='image "./samuelisstrykii08schogoog_0396.png"; bbox 0 0 4418 6266; ppageno 0'>
   <div class='ocr_carea' id='block_1_1' title="bbox 410 273 1237 772">
    <p class='ocr_par' dir='ltr' id='par_1_1' title="bbox 410 273 1237 772">
     <span class='ocr_line' id='line_1_1' title="bbox 469 273 518 328; baseline 0.102 -4"><span class='ocrx_word' id='word_1_1' title='bbox 469 273 518 328; x_wconf 75' lang='lat'>59¹</span> 
     </span>
     <span class='ocr_line' id='line_1_2' title="bbox 416 363 1237 432; baseline 0.016 -28"><span class='ocrx_word' id='word_1_2' title='bbox 416 365 437 408; x_wconf 86' lang='lat' dir='ltr'>t.</span> <span class='ocrx_word' id='word_1_3' title='bbox 455 372 530 408; x_wconf 79' lang='lat' dir='ltr'>coris.</span> <span class='ocrx_word' id='word_1_4' title='bbox 551 375 689 432; x_wconf 72' lang='lat' dir='ltr'>marpurg:</span> <span class='ocrx_word' id='word_1_5' title='bbox 703 380 779 418; x_wconf 86' lang='lat' dir='ltr'>cens.</span> <span class='ocrx_word' id='word_1_6' title='bbox 798 375 818 416; x_wconf 94' lang='lat' dir='ltr'>t.</span> <span class='ocrx_word' id='word_1_7' title='bbox 840 364 885 418; x_wconf 90' lang='lat' dir='ltr'>ubi</span> <span class='ocrx_word' id='word_1_8' title='bbox 904 364 993 420; x_wconf 70' lang='lat' dir='ltr'>civitas</span> <span class='ocrx_word' id='word_1_9' title='bbox 1011 363 1046 418; x_wconf 79' lang='lat' dir='ltr'>oli</span> <span class='ocrx_word' id='word_1_10' title='bbox 1064 381 1109 418; x_wconf 90' lang='lat' dir='ltr'>aes</span> <span class='ocrx_word' id='word_1_11' title='bbox 1121 363 1237 417; x_wconf 90' lang='lat' dir='ltr'>alienum</span> 
     </span>
     <span class='ocr_line' id='line_1_3' title="bbox 415 441 1237 520; baseline 0.013 -28"><span class='ocrx_word' id='word_1_12' title='bbox 415 449 442 492; x_wconf 90' lang='lat' dir='ltr'>et</span> <span class='ocrx_word' id='word_1_13' title='bbox 461 441 522 494; x_wconf 81' lang='lat' dir='ltr'>niiis</span> <span class='ocrx_word' id='word_1_14' title='bbox 542 441 658 512; x_wconf 78' lang='lat' dir='ltr'>publicis</span> <span class='ocrx_word' id='word_1_15' title='bbox 685 449 883 504; x_wconf 86' lang='lat' dir='ltr'>necessitatibus</span> <span class='ocrx_word' id='word_1_16' title='bbox 902 449 1057 520; x_wconf 77' lang='lat' dir='ltr'>urgentibus</span> <span class='ocrx_word' id='word_1_17' title='bbox 1080 447 1237 512; x_wconf 86' lang='lat' dir='ltr'>constituit,</span> 
     </span>
     <span class='ocr_line' id='line_1_4' title="bbox 416 527 1237 600; baseline 0.012 -26"><span class='ocrx_word' id='word_1_18' title='bbox 416 534 444 576; x_wconf 91' lang='grc' dir='ltr'>ιιι</span> <span class='ocrx_word' id='word_1_19' title='bbox 464 541 511 596; x_wconf 87' lang='lat' dir='ltr'>per</span> <span class='ocrx_word' id='word_1_20' title='bbox 530 527 677 582; x_wconf 87' lang='lat' dir='ltr'>triennium</span> <span class='ocrx_word' id='word_1_21' title='bbox 701 532 799 600; x_wconf 73' lang='lat' dir='ltr'>singuli</span> <span class='ocrx_word' id='word_1_22' title='bbox 820 535 891 588; x_wconf 84' lang='lat' dir='ltr'>eires</span> <span class='ocrx_word' id='word_1_23' title='bbox 908 533 1032 588; x_wconf 89' lang='lat' dir='ltr'>debonis</span> <span class='ocrx_word' id='word_1_24' title='bbox 1052 532 1121 596; x_wconf 89' lang='lat' dir='ltr'>suis,</span> <span class='ocrx_word' id='word_1_25' title='bbox 1140 531 1172 584; x_wconf 88' lang='lat' dir='ltr'>de</span> <span class='ocrx_word' id='word_1_26' title='bbox 1190 546 1237 584; x_wconf 85' lang='lat' dir='ltr'>sn·</span> 
     </span>
     <span class='ocr_line' id='line_1_5' title="bbox 412 607 1237 686; baseline 0.022 -29"><span class='ocrx_word' id='word_1_27' title='bbox 412 607 473 660; x_wconf 88' lang='lat' dir='ltr'>nnis</span> <span class='ocrx_word' id='word_1_28' title='bbox 493 607 641 664; x_wconf 68' lang='lat' dir='ltr'>redditibus</span> <span class='ocrx_word' id='word_1_29' title='bbox 660 626 687 667; x_wconf 92' lang='lat' dir='ltr'>et</span> <span class='ocrx_word' id='word_1_30' title='bbox 710 616 743 670; x_wconf 91' lang='lat' dir='ltr'>de</span> <span class='ocrx_word' id='word_1_31' title='bbox 762 619 887 672; x_wconf 75' lang='lat' dir='ltr'>cerevisia</span> <span class='ocrx_word' id='word_1_32' title='bbox 907 618 992 672; x_wconf 81' lang='lat' dir='ltr'>uenali</span> <span class='ocrx_word' id='word_1_33' title='bbox 1005 609 1105 672; x_wconf 83' lang='lat' dir='ltr'>certum</span> <span class='ocrx_word' id='word_1_34' title='bbox 1125 615 1188 686; x_wconf 83' lang='lat' dir='ltr'>quid</span> <span class='ocrx_word' id='word_1_35' title='bbox 1208 614 1237 671; x_wconf 85' lang='lat' dir='ltr'>iu</span> 
     </span>
     <span class='ocr_line' id='line_1_6' title="bbox 410 691 1234 772; baseline 0.013 -30"><span class='ocrx_word' id='word_1_36' title='bbox 410 691 546 762; x_wconf 87' lang='lat' dir='ltr'>pubiicum</span> <span class='ocrx_word' id='word_1_37' title='bbox 566 697 771 754; x_wconf 88' lang='lat' dir='ltr'>contribuerent:</span> <span class='ocrx_word' id='word_1_38' title='bbox 787 701 879 772; x_wconf 79' lang='lat' dir='ltr'>ibique</span> <span class='ocrx_word' id='word_1_39' title='bbox 893 702 1014 768; x_wconf 89' lang='lat' dir='ltr'>additur,</span> <span class='ocrx_word' id='word_1_40' title='bbox 1034 702 1103 756; x_wconf 91' lang='lat' dir='ltr'>benc</span> <span class='ocrx_word' id='word_1_41' title='bbox 1119 717 1234 754; x_wconf 84' lang='lat' dir='ltr'>eonsen-</span> 
     </span>
    </p>
   </div>
   <div class='ocr_carea' id='block_1_2' title="bbox 411 861 1237 939">
    <p class='ocr_par' dir='ltr' id='par_1_2' title="bbox 411 861 1237 939">
     <span class='ocr_line' id='line_1_7' title="bbox 411 861 1237 939; baseline 0.01 -25"><span class='ocrx_word' id='word_1_42' title='bbox 411 861 508 924; x_wconf 77' lang='lat' dir='ltr'>rnlere,</span> <span class='ocrx_word' id='word_1_43' title='bbox 523 863 569 916; x_wconf 93' lang='lat' dir='ltr'>sed</span> <span class='ocrx_word' id='word_1_44' title='bbox 583 875 607 917; x_wconf 88' lang='lat' dir='ltr'>et</span> <span class='ocrx_word' id='word_1_45' title='bbox 620 865 721 920; x_wconf 89' lang='lat' dir='ltr'>vicinis</span> <span class='ocrx_word' id='word_1_46' title='bbox 735 869 889 924; x_wconf 90' lang='lat' dir='ltr'>bominibus</span> <span class='ocrx_word' id='word_1_47' title='bbox 908 885 1007 927; x_wconf 84' lang='lat' dir='ltr'>ratione</span> <span class='ocrx_word' id='word_1_48' title='bbox 1021 871 1151 926; x_wconf 85' lang='lat' dir='ltr'>interesse</span> <span class='ocrx_word' id='word_1_49' title='bbox 1164 885 1237 939; x_wconf 89' lang='lat' dir='ltr'>prae·</span> 
     </span>
    </p>
   </div>
   <div class='ocr_carea' id='block_1_3' title="bbox 414 945 1234 1022">
    <p class='ocr_par' dir='ltr' id='par_1_3' title="bbox 414 945 1234 1022">
     <span class='ocr_line' id='line_1_8' title="bbox 414 945 1234 1022; baseline 0.011 -27"><span class='ocrx_word' id='word_1_50' title='bbox 414 945 497 1010; x_wconf 89' lang='lat' dir='ltr'>tensi,</span> <span class='ocrx_word' id='word_1_51' title='bbox 516 946 585 1016; x_wconf 89' lang='lat' dir='ltr'>qnod</span> <span class='ocrx_word' id='word_1_52' title='bbox 605 947 736 1003; x_wconf 87' lang='lat' dir='ltr'>nimirum</span> <span class='ocrx_word' id='word_1_53' title='bbox 757 953 842 1022; x_wconf 85' lang='lat' dir='ltr'>pretia</span> <span class='ocrx_word' id='word_1_54' title='bbox 862 972 949 1008; x_wconf 88' lang='lat' dir='ltr'>rerum</span> <span class='ocrx_word' id='word_1_55' title='bbox 977 954 1108 1010; x_wconf 79' lang='lat' dir='ltr'>sersalium</span> <span class='ocrx_word' id='word_1_56' title='bbox 1123 968 1234 1020; x_wconf 64' lang='lat' dir='ltr'>‚artemn-</span> 
     </span>
    </p>
   </div>
   <div class='ocr_carea' id='block_1_4' title="bbox 413 704 2159 1032">
    <p class='ocr_par' dir='ltr' id='par_1_4' title="bbox 413 704 2159 1032">
     <span class='ocr_line' id='line_1_9' title="bbox 1285 704 2159 778; baseline 0.021 -19"><span class='ocrx_word' id='word_1_57' title='bbox 1285 704 1411 762; x_wconf 80' lang='lat' dir='ltr'>adbibere</span> <span class='ocrx_word' id='word_1_58' title='bbox 1430 709 1537 778; x_wconf 75' lang='lat' dir='ltr'>debent,</span> <span class='ocrx_word' id='word_1_59' title='bbox 1557 723 1585 768; x_wconf 89' lang='lat' dir='ltr'>ul</span> <span class='ocrx_word' id='word_1_60' title='bbox 1603 713 1711 768; x_wconf 84' lang='lat' dir='ltr'>noenius</span> <span class='ocrx_word' id='word_1_61' title='bbox 1736 716 1871 770; x_wconf 83' lang='lat' dir='ltr'>scirentur</span> <span class='ocrx_word' id='word_1_62' title='bbox 1947 719 2018 774; x_wconf 87' lang='lat' dir='ltr'>etiarn</span> <span class='ocrx_word' id='word_1_63' title='bbox 2034 723 2082 776; x_wconf 88' lang='lat' dir='ltr'>siiis</span> <span class='ocrx_word' id='word_1_64' title='bbox 2157 773 2159 778; x_wconf 81' lang='grc'>,</span> 
     </span>
     <span class='ocr_line' id='line_1_10' title="bbox 413 719 2082 1032; baseline 0.017 -205"><span class='ocrx_word' id='word_1_65' title='bbox 413 775 516 831; x_wconf 89' lang='lat' dir='ltr'>tionem</span> <span class='ocrx_word' id='word_1_66' title='bbox 534 777 566 830; x_wconf 87' lang='lat' dir='ltr'>de</span> <span class='ocrx_word' id='word_1_67' title='bbox 586 781 707 836; x_wconf 70' lang='lat' dir='ltr'>collectis</span> <span class='ocrx_word' id='word_1_68' title='bbox 722 785 921 844; x_wconf 88' lang='lat' dir='ltr'>sineconsensn</span> <span class='ocrx_word' id='word_1_69' title='bbox 935 786 1067 858; x_wconf 79' lang='lat' dir='ltr'>principie</span> <span class='ocrx_word' id='word_1_70' title='bbox 1079 801 1132 841; x_wconf 86' lang='lat' dir='ltr'>non</span> <span class='ocrx_word' id='word_1_71' title='bbox 1151 785 1237 840; x_wconf 87' lang='lat' dir='ltr'>soittttt</span> <span class='ocrx_word' id='word_1_72' title='bbox 1285 789 1447 858; x_wconf 73' lang='lat' dir='ltr'>vendentur,</span> <span class='ocrx_word' id='word_1_73' title='bbox 1467 812 1520 848; x_wconf 81' lang='lat' dir='ltr'>naas</span> <span class='ocrx_word' id='word_1_74' title='bbox 1540 805 1628 850; x_wconf 86' lang='lat' dir='ltr'>tamen</span> <span class='ocrx_word' id='word_1_75' title='bbox 1646 719 1995 1032; x_wconf 44' lang='lat' dir='ltr'>creditoribedeitis</span> <span class='ocrx_word' id='word_1_76' title='bbox 2010 806 2082 858; x_wconf 86' lang='lat' dir='ltr'>noni·</span> 
     </span>
    </p>
   </div>
   <div class='ocr_carea' id='block_1_5' title="bbox 340 1030 1235 2464">
    <p class='ocr_par' dir='ltr' id='par_1_5' title="bbox 340 1030 1235 2286">
     <span class='ocr_line' id='line_1_11' title="bbox 413 1030 1234 1108; baseline 0.021 -31"><span class='ocrx_word' id='word_1_77' title='bbox 413 1034 472 1092; x_wconf 92' lang='lat' dir='ltr'>tur,</span> <span class='ocrx_word' id='word_1_78' title='bbox 490 1030 588 1081; x_wconf 85' lang='lat' dir='ltr'>nuliam</span> <span class='ocrx_word' id='word_1_79' title='bbox 610 1045 766 1104; x_wconf 86' lang='lat' dir='ltr'>competere</span> <span class='ocrx_word' id='word_1_80' title='bbox 784 1038 929 1102; x_wconf 87' lang='lat' dir='ltr'>actionem,</span> <span class='ocrx_word' id='word_1_81' title='bbox 949 1037 1055 1092; x_wconf 89' lang='lat' dir='ltr'>Besoid.</span> <span class='ocrx_word' id='word_1_82' title='bbox 1072 1039 1091 1090; x_wconf 91' lang='grc' dir='ltr'>Ι.</span> <span class='ocrx_word' id='word_1_83' title='bbox 1107 1039 1194 1108; x_wconf 87' lang='lat' dir='ltr'>t.poi.</span> <span class='ocrx_word' id='word_1_84' title='bbox 1212 1055 1234 1094; x_wconf 76' lang='lat' dir='ltr'>e.</span> 
     </span>
     <span class='ocr_line' id='line_1_12' title="bbox 345 1111 1235 1195; baseline 0.017 -34"><span class='ocrx_word' id='word_1_85' title='bbox 345 1111 374 1156; x_wconf 74' lang='lat' dir='ltr'>il</span> <span class='ocrx_word' id='word_1_86' title='bbox 418 1121 458 1162; x_wconf 89' lang='grc' dir='ltr'>ιι.</span> <span class='ocrx_word' id='word_1_87' title='bbox 477 1131 504 1166; x_wconf 87' lang='lat' dir='ltr'>n.</span> <span class='ocrx_word' id='word_1_88' title='bbox 524 1127 564 1170; x_wconf 85' lang='lat' dir='ltr'>st.</span> <span class='ocrx_word' id='word_1_89' title='bbox 579 1115 630 1167; x_wconf 85' lang='lat' dir='ltr'>Sed</span> <span class='ocrx_word' id='word_1_90' title='bbox 646 1118 745 1174; x_wconf 89' lang='lat' dir='ltr'>rectius</span> <span class='ocrx_word' id='word_1_91' title='bbox 765 1121 894 1190; x_wconf 78' lang='lat' dir='ltr'>citiusque</span> <span class='ocrx_word' id='word_1_92' title='bbox 906 1121 957 1175; x_wconf 91' lang='lat' dir='ltr'>loci</span> <span class='ocrx_word' id='word_1_93' title='bbox 971 1123 1132 1177; x_wconf 68' lang='lat' dir='ltr'>consuetudo</span> <span class='ocrx_word' id='word_1_94' title='bbox 1151 1123 1235 1195; x_wconf 90' lang='lat' dir='ltr'>inspi-</span> 
     </span>
     <span class='ocr_line' id='line_1_13' title="bbox 410 1195 1235 1278; baseline 0.012 -30"><span class='ocrx_word' id='word_1_95' title='bbox 410 1195 493 1261; x_wconf 86' lang='lat' dir='ltr'>citur,</span> <span class='ocrx_word' id='word_1_96' title='bbox 511 1216 576 1268; x_wconf 89' lang='lat' dir='ltr'>quae</span> <span class='ocrx_word' id='word_1_97' title='bbox 596 1200 620 1254; x_wconf 90' lang='lat' dir='ltr'>si</span> <span class='ocrx_word' id='word_1_98' title='bbox 639 1203 774 1274; x_wconf 86' lang='lat' dir='ltr'>principie</span> <span class='ocrx_word' id='word_1_99' title='bbox 793 1222 951 1260; x_wconf 88' lang='lat' dir='ltr'>consensum</span> <span class='ocrx_word' id='word_1_100' title='bbox 978 1206 1107 1278; x_wconf 82' lang='lat' dir='ltr'>requirit,</span> <span class='ocrx_word' id='word_1_101' title='bbox 1124 1207 1171 1259; x_wconf 89' lang='lat' dir='ltr'>ilie</span> <span class='ocrx_word' id='word_1_102' title='bbox 1187 1208 1235 1260; x_wconf 61' lang='lat' dir='ltr'>obs</span> 
     </span>
     <span class='ocr_line' id='line_1_14' title="bbox 415 1280 1234 1346; baseline 0.017 -14"><span class='ocrx_word' id='word_1_103' title='bbox 415 1280 539 1334; x_wconf 88' lang='lat' dir='ltr'>tincudus</span> <span class='ocrx_word' id='word_1_104' title='bbox 560 1283 631 1337; x_wconf 90' lang='lat' dir='ltr'>erit:</span> <span class='ocrx_word' id='word_1_105' title='bbox 659 1287 790 1342; x_wconf 76' lang='lat' dir='ltr'>nos-itales</span> <span class='ocrx_word' id='word_1_106' title='bbox 809 1289 881 1342; x_wconf 86' lang='lat' dir='ltr'>enim</span> <span class='ocrx_word' id='word_1_107' title='bbox 900 1311 914 1344; x_wconf 87' lang='lat' dir='ltr'>a</span> <span class='ocrx_word' id='word_1_108' title='bbox 933 1291 1081 1346; x_wconf 79' lang='lat' dir='ltr'>civitatibus</span> <span class='ocrx_word' id='word_1_109' title='bbox 1098 1309 1153 1345; x_wconf 85' lang='lat' dir='ltr'>nott</span> <span class='ocrx_word' id='word_1_110' title='bbox 1172 1302 1234 1346; x_wconf 85' lang='lat' dir='ltr'>suut</span> 
     </span>
     <span class='ocr_line' id='line_1_15' title="bbox 408 1365 1234 1434; baseline 0.013 -17"><span class='ocrx_word' id='word_1_111' title='bbox 408 1365 587 1434; x_wconf 74' lang='lat' dir='ltr'>inducendae,</span> <span class='ocrx_word' id='word_1_112' title='bbox 607 1371 714 1425; x_wconf 71' lang='lat' dir='ltr'>etiamsi</span> <span class='ocrx_word' id='word_1_113' title='bbox 733 1374 882 1428; x_wconf 89' lang='lat' dir='ltr'>communis</span> <span class='ocrx_word' id='word_1_114' title='bbox 908 1376 1005 1430; x_wconf 88' lang='lat' dir='ltr'>utilitas</span> <span class='ocrx_word' id='word_1_115' title='bbox 1021 1376 1174 1432; x_wconf 80' lang='lat' dir='ltr'>novitatum</span> <span class='ocrx_word' id='word_1_116' title='bbox 1194 1376 1234 1428; x_wconf 90' lang='lat' dir='ltr'>in·</span> 
     </span>
     <span class='ocr_line' id='line_1_16' title="bbox 407 1450 1232 1531; baseline 0.016 -31"><span class='ocrx_word' id='word_1_117' title='bbox 407 1450 562 1506; x_wconf 88' lang='lat' dir='ltr'>ductionem</span> <span class='ocrx_word' id='word_1_118' title='bbox 582 1457 713 1519; x_wconf 79' lang='lat' dir='ltr'>siaaaleat,</span> <span class='ocrx_word' id='word_1_119' title='bbox 740 1456 792 1512; x_wconf 90' lang='lat' dir='ltr'>nisi</span> <span class='ocrx_word' id='word_1_120' title='bbox 811 1462 964 1512; x_wconf 66' lang='lat' dir='ltr'>consultatur</span> <span class='ocrx_word' id='word_1_121' title='bbox 982 1459 1123 1531; x_wconf 78' lang='lat' dir='ltr'>superior,</span> <span class='ocrx_word' id='word_1_122' title='bbox 1147 1477 1198 1531; x_wconf 82' lang='lat' dir='ltr'>prr·</span> <span class='ocrx_word' id='word_1_123' title='bbox 1214 1460 1232 1513; x_wconf 86' lang='lat' dir='ltr'>l.</span> 
     </span>
     <span class='ocr_line' id='line_1_17' title="bbox 340 1531 1233 1614; baseline 0.007 -26"><span class='ocrx_word' id='word_1_124' title='bbox 340 1548 372 1591; x_wconf 82' lang='lat' dir='ltr'>st</span> <span class='ocrx_word' id='word_1_125' title='bbox 400 1531 460 1603; x_wconf 87' lang='lat' dir='ltr'>fin.</span> <span class='ocrx_word' id='word_1_126' title='bbox 469 1534 510 1602; x_wconf 73' lang='lat' dir='ltr'><em>ff</em></span> <span class='ocrx_word' id='word_1_127' title='bbox 528 1533 561 1590; x_wconf 86' lang='lat' dir='ltr'>de</span> <span class='ocrx_word' id='word_1_128' title='bbox 581 1537 677 1592; x_wconf 85' lang='lat' dir='ltr'>decret.</span> <span class='ocrx_word' id='word_1_129' title='bbox 697 1539 731 1592; x_wconf 83' lang='lat' dir='ltr'>nd</span> <span class='ocrx_word' id='word_1_130' title='bbox 752 1542 811 1594; x_wconf 85' lang='lat' dir='ltr'>ord.</span> <span class='ocrx_word' id='word_1_131' title='bbox 822 1543 950 1614; x_wconf 84' lang='lat' dir='ltr'>saciend.</span> <span class='ocrx_word' id='word_1_132' title='bbox 969 1545 1028 1614; x_wconf 86' lang='lat' dir='ltr'>Quo</span> <span class='ocrx_word' id='word_1_133' title='bbox 1046 1545 1127 1597; x_wconf 91' lang='lat' dir='ltr'>etiam</span> <span class='ocrx_word' id='word_1_134' title='bbox 1147 1559 1233 1599; x_wconf 86' lang='lat' dir='ltr'>recur-</span> 
     </span>
     <span class='ocr_line' id='line_1_18' title="bbox 407 1621 1233 1692; baseline 0.011 -19"><span class='ocrx_word' id='word_1_135' title='bbox 407 1621 539 1685; x_wconf 89' lang='lat' dir='ltr'>rendum,</span> <span class='ocrx_word' id='word_1_136' title='bbox 551 1622 655 1692; x_wconf 75' lang='lat' dir='ltr'>qnando</span> <span class='ocrx_word' id='word_1_137' title='bbox 667 1625 896 1682; x_wconf 74' lang='lat' dir='ltr'>administratores</span> <span class='ocrx_word' id='word_1_138' title='bbox 915 1630 1035 1682; x_wconf 88' lang='lat' dir='ltr'>collectas</span> <span class='ocrx_word' id='word_1_139' title='bbox 1055 1629 1175 1684; x_wconf 85' lang='lat' dir='ltr'>indicere</span> <span class='ocrx_word' id='word_1_140' title='bbox 1190 1649 1233 1684; x_wconf 87' lang='lat' dir='ltr'>ro·</span> 
     </span>
     <span class='ocr_line' id='line_1_19' title="bbox 405 1705 1232 1779; baseline 0.012 -23"><span class='ocrx_word' id='word_1_141' title='bbox 405 1705 473 1767; x_wconf 90' lang='lat' dir='ltr'>lunt,</span> <span class='ocrx_word' id='word_1_142' title='bbox 495 1723 554 1758; x_wconf 87' lang='lat' dir='ltr'>cnm</span> <span class='ocrx_word' id='word_1_143' title='bbox 571 1708 730 1762; x_wconf 83' lang='lat' dir='ltr'>consuetudo</span> <span class='ocrx_word' id='word_1_144' title='bbox 755 1729 804 1779; x_wconf 92' lang='lat' dir='ltr'>pro</span> <span class='ocrx_word' id='word_1_145' title='bbox 823 1712 980 1766; x_wconf 76' lang='lat' dir='ltr'>diuersitate</span> <span class='ocrx_word' id='word_1_146' title='bbox 991 1713 1232 1774; x_wconf 83' lang='lat' dir='ltr'>administrationis</span> 
     </span>
     <span class='ocr_line' id='line_1_20' title="bbox 407 1793 1230 1864; baseline 0.01 -23"><span class='ocrx_word' id='word_1_147' title='bbox 407 1805 463 1842; x_wconf 89' lang='lat' dir='ltr'>rem</span> <span class='ocrx_word' id='word_1_148' title='bbox 481 1809 588 1844; x_wconf 88' lang='lat' dir='ltr'>omnem</span> <span class='ocrx_word' id='word_1_149' title='bbox 609 1793 748 1861; x_wconf 84' lang='lat' dir='ltr'>explicet,</span> <span class='ocrx_word' id='word_1_150' title='bbox 776 1794 847 1850; x_wconf 87' lang='lat' dir='ltr'>coni.</span> <span class='ocrx_word' id='word_1_151' title='bbox 868 1797 963 1864; x_wconf 84' lang='lat' dir='ltr'>disput.</span> <span class='ocrx_word' id='word_1_152' title='bbox 982 1796 1136 1864; x_wconf 69' lang='lat' dir='ltr'>inaugurari.</span> <span class='ocrx_word' id='word_1_153' title='bbox 1155 1795 1230 1850; x_wconf 74' lang='lat' dir='ltr'>ideali</span> 
     </span>
     <span class='ocr_line' id='line_1_21' title="bbox 408 1876 1230 1954; baseline 0.011 -27"><span class='ocrx_word' id='word_1_154' title='bbox 408 1876 457 1927; x_wconf 92' lang='lat' dir='ltr'>dni</span> <span class='ocrx_word' id='word_1_155' title='bbox 476 1876 607 1954; x_wconf 73' lang='lat' dir='ltr'>loliannis</span> <span class='ocrx_word' id='word_1_156' title='bbox 627 1879 791 1945; x_wconf 81' lang='lat' dir='ltr'>Scbweier,</span> <span class='ocrx_word' id='word_1_157' title='bbox 804 1883 846 1934; x_wconf 83' lang='lat' dir='ltr'>de.</span> <span class='ocrx_word' id='word_1_158' title='bbox 859 1881 1024 1934; x_wconf 83' lang='lat' dir='ltr'>serenissimi</span> <span class='ocrx_word' id='word_1_159' title='bbox 1044 1893 1072 1934; x_wconf 89' lang='lat' dir='ltr'>et</span> <span class='ocrx_word' id='word_1_160' title='bbox 1090 1883 1230 1952; x_wconf 87' lang='lat' dir='ltr'>potentiss.</span> 
     </span>
     <span class='ocr_line' id='line_1_22' title="bbox 408 1960 1232 2030; baseline 0.008 -19"><span class='ocrx_word' id='word_1_161' title='bbox 408 1960 518 2014; x_wconf 85' lang='lat' dir='ltr'>elector.</span> <span class='ocrx_word' id='word_1_162' title='bbox 538 1960 690 2016; x_wconf 84' lang='lat' dir='ltr'>Brundenb.</span> <span class='ocrx_word' id='word_1_163' title='bbox 710 1964 737 2014; x_wconf 92' lang='lat' dir='ltr'>in</span> <span class='ocrx_word' id='word_1_164' title='bbox 755 1964 890 2018; x_wconf 77' lang='lat' dir='ltr'>electorali</span> <span class='ocrx_word' id='word_1_165' title='bbox 912 1963 1085 2030; x_wconf 76' lang='lat' dir='ltr'>pomerania,</span> <span class='ocrx_word' id='word_1_166' title='bbox 1103 1965 1232 2018; x_wconf 87' lang='lat' dir='ltr'>consisto·</span> 
     </span>
     <span class='ocr_line' id='line_1_23' title="bbox 408 2047 1230 2123; baseline 0.015 -26"><span class='ocrx_word' id='word_1_167' title='bbox 408 2047 443 2103; x_wconf 89' lang='lat' dir='ltr'>rii</span> <span class='ocrx_word' id='word_1_168' title='bbox 458 2047 590 2100; x_wconf 84' lang='lat' dir='ltr'>Praesidis</span> <span class='ocrx_word' id='word_1_169' title='bbox 608 2060 636 2101; x_wconf 89' lang='lat' dir='ltr'>et</span> <span class='ocrx_word' id='word_1_170' title='bbox 649 2051 785 2104; x_wconf 71' lang='lat' dir='ltr'>consiliari</span> <span class='ocrx_word' id='word_1_171' title='bbox 799 2052 895 2116; x_wconf 87' lang='lat' dir='ltr'>aulici,</span> <span class='ocrx_word' id='word_1_172' title='bbox 917 2053 1038 2123; x_wconf 88' lang='lat' dir='ltr'>parentis</span> <span class='ocrx_word' id='word_1_173' title='bbox 1057 2051 1230 2108; x_wconf 86' lang='lat' dir='ltr'>desideretis·</span> 
     </span>
     <span class='ocr_line' id='line_1_24' title="bbox 408 2133 1231 2209; baseline 0.005 -22"><span class='ocrx_word' id='word_1_174' title='bbox 408 2133 490 2200; x_wconf 87' lang='lat' dir='ltr'>simi,</span> <span class='ocrx_word' id='word_1_175' title='bbox 509 2134 542 2199; x_wconf 73' lang='lat' dir='ltr'>de</span> <span class='ocrx_word' id='word_1_176' title='bbox 560 2135 680 2190; x_wconf 71' lang='lat' dir='ltr'>collectis</span> <span class='ocrx_word' id='word_1_177' title='bbox 693 2155 740 2190; x_wconf 84' lang='lat' dir='ltr'>seu</span> <span class='ocrx_word' id='word_1_178' title='bbox 754 2155 858 2192; x_wconf 85' lang='lat' dir='ltr'>muner.</span> <span class='ocrx_word' id='word_1_179' title='bbox 869 2137 978 2206; x_wconf 76' lang='lat' dir='ltr'>patrini.</span> <span class='ocrx_word' id='word_1_180' title='bbox 991 2138 1166 2209; x_wconf 73' lang='lat' dir='ltr'>argentorati</span> <span class='ocrx_word' id='word_1_181' title='bbox 1181 2136 1231 2192; x_wconf 84' lang='lat' dir='ltr'>ito·</span> 
     </span>
     <span class='ocr_line' id='line_1_25' title="bbox 408 2221 1073 2286; baseline 0.011 -13"><span class='ocrx_word' id='word_1_182' title='bbox 408 2221 475 2276; x_wconf 81' lang='lat' dir='ltr'>lira.</span> <span class='ocrx_word' id='word_1_183' title='bbox 923 2278 927 2286; x_wconf 92' lang='grc'>,</span> <span class='ocrx_word' id='word_1_184' title='bbox 1070 2275 1073 2280; x_wconf 96' lang='grc'>.</span> 
     </span>
    </p>

    <p class='ocr_par' dir='ltr' id='par_1_6' title="bbox 407 2305 1232 2464">
     <span class='ocr_line' id='line_1_26' title="bbox 442 2305 1231 2382; baseline 0.01 -24"><span class='ocrx_word' id='word_1_185' title='bbox 442 2305 552 2360; x_wconf 87' lang='lat' dir='ltr'>Dictum</span> <span class='ocrx_word' id='word_1_186' title='bbox 566 2319 620 2370; x_wconf 85' lang='lat' dir='ltr'>est,</span> <span class='ocrx_word' id='word_1_187' title='bbox 637 2310 759 2369; x_wconf 72' lang='lat' dir='ltr'>collectos</span> <span class='ocrx_word' id='word_1_188' title='bbox 778 2311 881 2382; x_wconf 87' lang='lat' dir='ltr'>imponi</span> <span class='ocrx_word' id='word_1_189' title='bbox 897 2329 972 2382; x_wconf 90' lang='lat' dir='ltr'>posse</span> <span class='ocrx_word' id='word_1_190' title='bbox 983 2311 1137 2368; x_wconf 77' lang='lat' dir='ltr'>civitatibus</span> <span class='ocrx_word' id='word_1_191' title='bbox 1149 2331 1231 2382; x_wconf 84' lang='lat' dir='ltr'>qnan-</span> 
     </span>
     <span class='ocr_line' id='line_1_27' title="bbox 407 2390 1232 2464; baseline 0.012 -22"><span class='ocrx_word' id='word_1_192' title='bbox 407 2390 441 2444; x_wconf 91' lang='lat' dir='ltr'>do</span> <span class='ocrx_word' id='word_1_193' title='bbox 460 2393 526 2446; x_wconf 86' lang='lat' dir='ltr'>botta</span> <span class='ocrx_word' id='word_1_194' title='bbox 546 2394 666 2448; x_wconf 76' lang='lat' dir='ltr'>civitatis</span> <span class='ocrx_word' id='word_1_195' title='bbox 683 2397 807 2450; x_wconf 74' lang='lat' dir='ltr'>soluendo</span> <span class='ocrx_word' id='word_1_196' title='bbox 826 2399 880 2454; x_wconf 87' lang='lat' dir='ltr'>aeri</span> <span class='ocrx_word' id='word_1_197' title='bbox 900 2401 986 2454; x_wconf 90' lang='lat' dir='ltr'>alieno</span> <span class='ocrx_word' id='word_1_198' title='bbox 1005 2417 1058 2452; x_wconf 92' lang='lat' dir='ltr'>nnn</span> <span class='ocrx_word' id='word_1_199' title='bbox 1076 2395 1232 2464; x_wconf 70' lang='lat' dir='ltr'>sufiiciunte</span> 
     </span>
    </p>
   </div>
   <div class='ocr_carea' id='block_1_6' title="bbox 295 2480 1232 2551">
    <p class='ocr_par' dir='ltr' id='par_1_7' title="bbox 295 2480 1232 2551">
     <span class='ocr_line' id='line_1_28' title="bbox 295 2480 1232 2551; baseline 0.009 -23"><span class='ocrx_word' id='word_1_200' title='bbox 295 2545 297 2551; x_wconf 16' lang='grc' dir='ltr'><strong>Α</strong></span> <span class='ocrx_word' id='word_1_201' title='bbox 404 2495 466 2544; x_wconf 79' lang='lat' dir='ltr'>ere</span> <span class='ocrx_word' id='word_1_202' title='bbox 487 2489 572 2532; x_wconf 85' lang='lat' dir='ltr'>tamen</span> <span class='ocrx_word' id='word_1_203' title='bbox 591 2480 710 2532; x_wconf 80' lang='lat' dir='ltr'>ciuitatis</span> <span class='ocrx_word' id='word_1_204' title='bbox 728 2482 802 2545; x_wconf 86' lang='lat' dir='ltr'>erit,</span> <span class='ocrx_word' id='word_1_205' title='bbox 829 2483 962 2548; x_wconf 83' lang='lat' dir='ltr'>ejusmodi</span> <span class='ocrx_word' id='word_1_206' title='bbox 987 2495 1136 2538; x_wconf 83' lang='lat' dir='ltr'>extremum</span> <span class='ocrx_word' id='word_1_207' title='bbox 1148 2483 1232 2536; x_wconf 77' lang='lat' dir='ltr'>&#39;eolle-</span> 
     </span>
    </p>
   </div>
   <div class='ocr_carea' id='block_1_7' title="bbox 374 2563 1233 5003">
    <p class='ocr_par' dir='ltr' id='par_1_8' title="bbox 374 2563 1233 4412">
     <span class='ocr_line' id='line_1_29' title="bbox 403 2563 1233 2638; baseline 0.012 -24"><span class='ocrx_word' id='word_1_208' title='bbox 403 2563 492 2614; x_wconf 77' lang='lat' dir='ltr'>ctandi</span> <span class='ocrx_word' id='word_1_209' title='bbox 511 2579 601 2616; x_wconf 84' lang='lat' dir='ltr'>casune</span> <span class='ocrx_word' id='word_1_210' title='bbox 620 2581 672 2616; x_wconf 89' lang='lat' dir='ltr'>non</span> <span class='ocrx_word' id='word_1_211' title='bbox 691 2575 848 2634; x_wconf 83' lang='lat' dir='ltr'>expectere,</span> <span class='ocrx_word' id='word_1_212' title='bbox 873 2568 917 2624; x_wconf 84' lang='lat' dir='ltr'>sed</span> <span class='ocrx_word' id='word_1_213' title='bbox 937 2570 1149 2638; x_wconf 85' lang='lat' dir='ltr'>pro.arertende</span> <span class='ocrx_word' id='word_1_214' title='bbox 1171 2569 1233 2623; x_wconf 80' lang='lat' dir='ltr'>siis·</span> 
     </span>
     <span class='ocr_line' id='line_1_30' title="bbox 402 2647 1233 2716; baseline 0.007 -18"><span class='ocrx_word' id='word_1_215' title='bbox 402 2647 511 2700; x_wconf 88' lang='lat' dir='ltr'>natione</span> <span class='ocrx_word' id='word_1_216' title='bbox 530 2649 586 2716; x_wconf 87' lang='lat' dir='ltr'>ipsa</span> <span class='ocrx_word' id='word_1_217' title='bbox 606 2649 771 2702; x_wconf 74' lang='lat' dir='ltr'>uoluntariae</span> <span class='ocrx_word' id='word_1_218' title='bbox 794 2667 824 2702; x_wconf 90' lang='lat' dir='ltr'>se</span> <span class='ocrx_word' id='word_1_219' title='bbox 844 2651 1004 2706; x_wconf 87' lang='lat' dir='ltr'>submittere</span> <span class='ocrx_word' id='word_1_220' title='bbox 1029 2652 1233 2706; x_wconf 87' lang='lat' dir='ltr'>contributioni.</span> 
     </span>
     <span class='ocr_line' id='line_1_31' title="bbox 402 2729 1227 2804; baseline 0.006 -23"><span class='ocrx_word' id='word_1_221' title='bbox 402 2731 462 2786; x_wconf 75' lang='lat' dir='ltr'>lion</span> <span class='ocrx_word' id='word_1_222' title='bbox 481 2729 634 2798; x_wconf 81' lang='lat' dir='ltr'>ignoramus</span> <span class='ocrx_word' id='word_1_223' title='bbox 651 2730 781 2802; x_wconf 87' lang='lat' dir='ltr'>quidem,</span> <span class='ocrx_word' id='word_1_224' title='bbox 809 2735 938 2804; x_wconf 86' lang='lat' dir='ltr'>quosdam</span> <span class='ocrx_word' id='word_1_225' title='bbox 959 2752 1034 2800; x_wconf 86' lang='lat' dir='ltr'>esse,</span> <span class='ocrx_word' id='word_1_226' title='bbox 1059 2735 1105 2804; x_wconf 89' lang='lat' dir='ltr'>qui</span> <span class='ocrx_word' id='word_1_227' title='bbox 1124 2735 1227 2800; x_wconf 85' lang='lat' dir='ltr'>solunt,</span> 
     </span>
     <span class='ocr_line' id='line_1_32' title="bbox 374 2817 1232 2889; baseline 0.003 -20"><span class='ocrx_word' id='word_1_228' title='bbox 374 2866 379 2874; x_wconf 87' lang='grc'><strong><em>,</em></strong></span> <span class='ocrx_word' id='word_1_229' title='bbox 402 2817 553 2888; x_wconf 81' lang='lat' dir='ltr'>communia</span> <span class='ocrx_word' id='word_1_230' title='bbox 572 2817 680 2886; x_wconf 79' lang='lat' dir='ltr'>praedia</span> <span class='ocrx_word' id='word_1_231' title='bbox 698 2818 821 2872; x_wconf 75' lang='lat' dir='ltr'>cis-itatis</span> <span class='ocrx_word' id='word_1_232' title='bbox 842 2819 917 2889; x_wconf 91' lang='lat' dir='ltr'>prius</span> <span class='ocrx_word' id='word_1_233' title='bbox 935 2819 1085 2886; x_wconf 77' lang='lat' dir='ltr'>sentienda,</span> <span class='ocrx_word' id='word_1_234' title='bbox 1105 2839 1183 2888; x_wconf 90' lang='lat' dir='ltr'>qnam</span> <span class='ocrx_word' id='word_1_235' title='bbox 1198 2822 1232 2873; x_wconf 90' lang='lat' dir='ltr'>ci·</span> 
     </span>
     <span class='ocr_line' id='line_1_33' title="bbox 401 2901 1230 2973; baseline 0.006 -21"><span class='ocrx_word' id='word_1_236' title='bbox 401 2919 447 2956; x_wconf 82' lang='lat' dir='ltr'>res</span> <span class='ocrx_word' id='word_1_237' title='bbox 464 2901 612 2958; x_wconf 86' lang='lat' dir='ltr'>onerandus</span> <span class='ocrx_word' id='word_1_238' title='bbox 629 2917 703 2966; x_wconf 86' lang='lat' dir='ltr'>esse,</span> <span class='ocrx_word' id='word_1_239' title='bbox 723 2902 775 2956; x_wconf 86' lang='lat' dir='ltr'>sid.</span> <span class='ocrx_word' id='word_1_240' title='bbox 794 2903 867 2973; x_wconf 77' lang='grc' dir='ltr'>Κὸρ.</span> <span class='ocrx_word' id='word_1_241' title='bbox 885 2913 987 2972; x_wconf 78' lang='lat' dir='ltr'>quaest.</span> <span class='ocrx_word' id='word_1_242' title='bbox 1005 2916 1046 2956; x_wconf 79' lang='lat' dir='ltr'>sn.</span> <span class='ocrx_word' id='word_1_243' title='bbox 1060 2924 1087 2956; x_wconf 86' lang='lat' dir='ltr'>rs.</span> <span class='ocrx_word' id='word_1_244' title='bbox 1102 2916 1142 2958; x_wconf 86' lang='lat' dir='ltr'>tr.</span> <span class='ocrx_word' id='word_1_245' title='bbox 1154 2907 1230 2958; x_wconf 77' lang='lat' dir='ltr'>Hert.</span> 
     </span>
     <span class='ocr_line' id='line_1_34' title="bbox 401 2985 1231 3058; baseline 0.008 -21"><span class='ocrx_word' id='word_1_246' title='bbox 401 2985 499 3040; x_wconf 86' lang='lat' dir='ltr'>Pistor.</span> <span class='ocrx_word' id='word_1_247' title='bbox 517 2986 535 3038; x_wconf 87' lang='lat' dir='ltr'>l.</span> <span class='ocrx_word' id='word_1_248' title='bbox 551 2998 572 3039; x_wconf 92' lang='grc' dir='ltr'>ι.</span> <span class='ocrx_word' id='word_1_249' title='bbox 585 3005 610 3055; x_wconf 79' lang='grc' dir='ltr'>ᾳ.</span> <span class='ocrx_word' id='word_1_250' title='bbox 624 2999 666 3041; x_wconf 88' lang='grc' dir='ltr'>ιι.</span> <span class='ocrx_word' id='word_1_251' title='bbox 680 3005 708 3040; x_wconf 85' lang='grc' dir='ltr'>ιι.</span> <span class='ocrx_word' id='word_1_252' title='bbox 723 3005 746 3044; x_wconf 85' lang='lat' dir='ltr'>s.</span> <span class='ocrx_word' id='word_1_253' title='bbox 758 2987 851 3058; x_wconf 83' lang='lat' dir='ltr'>infin.</span> <span class='ocrx_word' id='word_1_254' title='bbox 872 2990 942 3058; x_wconf 75' lang='lat' dir='ltr'>quoti</span> <span class='ocrx_word' id='word_1_255' title='bbox 956 2989 1029 3041; x_wconf 92' lang='lat' dir='ltr'>enim</span> <span class='ocrx_word' id='word_1_256' title='bbox 1043 2989 1134 3042; x_wconf 77' lang='lat' dir='ltr'>civiter</span> <span class='ocrx_word' id='word_1_257' title='bbox 1146 2990 1231 3056; x_wconf 85' lang='lat' dir='ltr'>debet,</span> 
     </span>
     <span class='ocr_line' id='line_1_35' title="bbox 404 3069 1230 3146; baseline 0.007 -24"><span class='ocrx_word' id='word_1_258' title='bbox 404 3069 505 3139; x_wconf 82' lang='lat' dir='ltr'>singuli</span> <span class='ocrx_word' id='word_1_259' title='bbox 524 3087 578 3124; x_wconf 90' lang='lat' dir='ltr'>non</span> <span class='ocrx_word' id='word_1_260' title='bbox 596 3071 712 3132; x_wconf 83' lang='lat' dir='ltr'>debent,</span> <span class='ocrx_word' id='word_1_261' title='bbox 728 3073 746 3124; x_wconf 92' lang='lat' dir='ltr'>l.</span> <span class='ocrx_word' id='word_1_262' title='bbox 762 3085 785 3124; x_wconf 88' lang='grc' dir='ltr'>ι.</span> <span class='ocrx_word' id='word_1_263' title='bbox 798 3075 871 3140; x_wconf 81' lang='lat' dir='ltr'>quod</span> <span class='ocrx_word' id='word_1_264' title='bbox 883 3074 1011 3146; x_wconf 81' lang='lat' dir='ltr'>cujusque</span> <span class='ocrx_word' id='word_1_265' title='bbox 1025 3077 1140 3128; x_wconf 79' lang='lat' dir='ltr'>univers.</span> <span class='ocrx_word' id='word_1_266' title='bbox 1155 3095 1230 3130; x_wconf 86' lang='lat' dir='ltr'>nom.</span> 
     </span>
     <span class='ocr_line' id='line_1_36' title="bbox 405 3155 1229 3227; baseline 0.006 -17"><span class='ocrx_word' id='word_1_267' title='bbox 405 3157 506 3210; x_wconf 84' lang='lat' dir='ltr'>Verum</span> <span class='ocrx_word' id='word_1_268' title='bbox 530 3155 552 3208; x_wconf 90' lang='lat' dir='ltr'>si</span> <span class='ocrx_word' id='word_1_269' title='bbox 578 3155 683 3210; x_wconf 85' lang='lat' dir='ltr'>nisibus</span> <span class='ocrx_word' id='word_1_270' title='bbox 701 3173 763 3210; x_wconf 91' lang='lat' dir='ltr'>suae</span> <span class='ocrx_word' id='word_1_271' title='bbox 782 3157 900 3212; x_wconf 80' lang='lat' dir='ltr'>ciuitatis</span> <span class='ocrx_word' id='word_1_272' title='bbox 926 3160 1024 3223; x_wconf 79' lang='lat' dir='ltr'>boreos,</span> <span class='ocrx_word' id='word_1_273' title='bbox 1048 3161 1229 3227; x_wconf 83' lang='lat' dir='ltr'>existimatio,</span> 
     </span>
     <span class='ocr_line' id='line_1_37' title="bbox 406 3237 1229 3317; baseline 0.013 -25"><span class='ocrx_word' id='word_1_274' title='bbox 406 3249 432 3292; x_wconf 91' lang='lat' dir='ltr'>et</span> <span class='ocrx_word' id='word_1_275' title='bbox 450 3237 521 3306; x_wconf 88' lang='lat' dir='ltr'>qnod</span> <span class='ocrx_word' id='word_1_276' title='bbox 543 3239 601 3309; x_wconf 88' lang='lat' dir='ltr'>pius</span> <span class='ocrx_word' id='word_1_277' title='bbox 619 3249 680 3307; x_wconf 89' lang='lat' dir='ltr'>est,</span> <span class='ocrx_word' id='word_1_278' title='bbox 707 3245 778 3296; x_wconf 83' lang='lat' dir='ltr'>salus</span> <span class='ocrx_word' id='word_1_279' title='bbox 796 3259 875 3298; x_wconf 84' lang='lat' dir='ltr'>corne</span> <span class='ocrx_word' id='word_1_280' title='bbox 892 3247 1019 3317; x_wconf 88' lang='lat' dir='ltr'>cordique</span> <span class='ocrx_word' id='word_1_281' title='bbox 1037 3257 1099 3312; x_wconf 90' lang='lat' dir='ltr'>est,</span> <span class='ocrx_word' id='word_1_282' title='bbox 1125 3247 1229 3303; x_wconf 88' lang='lat' dir='ltr'>iacilius</span> 
     </span>
     <span class='ocr_line' id='line_1_38' title="bbox 400 3322 1229 3400; baseline 0.013 -27"><span class='ocrx_word' id='word_1_283' title='bbox 400 3323 508 3392; x_wconf 82' lang='lat' dir='ltr'>quaeris</span> <span class='ocrx_word' id='word_1_284' title='bbox 527 3322 616 3376; x_wconf 90' lang='lat' dir='ltr'>subire</span> <span class='ocrx_word' id='word_1_285' title='bbox 633 3341 716 3380; x_wconf 89' lang='lat' dir='ltr'>onera</span> <span class='ocrx_word' id='word_1_286' title='bbox 734 3327 825 3381; x_wconf 87' lang='lat' dir='ltr'>animo</span> <span class='ocrx_word' id='word_1_287' title='bbox 845 3327 1009 3395; x_wconf 85' lang='lat' dir='ltr'>decernent,</span> <span class='ocrx_word' id='word_1_288' title='bbox 1026 3349 1106 3400; x_wconf 89' lang='lat' dir='ltr'>quam</span> <span class='ocrx_word' id='word_1_289' title='bbox 1120 3330 1229 3384; x_wconf 86' lang='lat' dir='ltr'>damno·</span> 
     </span>
     <span class='ocr_line' id='line_1_39' title="bbox 400 3405 1228 3484; baseline 0.014 -26"><span class='ocrx_word' id='word_1_290' title='bbox 400 3405 439 3458; x_wconf 92' lang='lat' dir='ltr'>sis</span> <span class='ocrx_word' id='word_1_291' title='bbox 450 3405 579 3474; x_wconf 84' lang='lat' dir='ltr'>ejassmodi</span> <span class='ocrx_word' id='word_1_292' title='bbox 594 3408 763 3465; x_wconf 83' lang='lat' dir='ltr'>subscribere</span> <span class='ocrx_word' id='word_1_293' title='bbox 773 3411 990 3464; x_wconf 88' lang='lat' dir='ltr'>alienationibus.</span> <span class='ocrx_word' id='word_1_294' title='bbox 1002 3411 1061 3466; x_wconf 83' lang='lat' dir='ltr'>Nou</span> <span class='ocrx_word' id='word_1_295' title='bbox 1075 3412 1163 3466; x_wconf 83' lang='lat' dir='ltr'>dicam</span> <span class='ocrx_word' id='word_1_296' title='bbox 1175 3419 1228 3484; x_wconf 83' lang='lat' dir='ltr'>jam</span> 
     </span>
     <span class='ocr_line' id='line_1_40' title="bbox 399 3492 1228 3568; baseline 0.007 -20"><span class='ocrx_word' id='word_1_297' title='bbox 399 3492 470 3566; x_wconf 90' lang='lat' dir='ltr'>qnod</span> <span class='ocrx_word' id='word_1_298' title='bbox 487 3495 553 3546; x_wconf 87' lang='lat' dir='ltr'>satis</span> <span class='ocrx_word' id='word_1_299' title='bbox 571 3495 622 3558; x_wconf 92' lang='lat' dir='ltr'>sit,</span> <span class='ocrx_word' id='word_1_300' title='bbox 642 3497 724 3550; x_wconf 88' lang='lat' dir='ltr'>semei</span> <span class='ocrx_word' id='word_1_301' title='bbox 743 3515 823 3566; x_wconf 88' lang='lat' dir='ltr'>quam</span> <span class='ocrx_word' id='word_1_302' title='bbox 842 3513 949 3568; x_wconf 88' lang='lat' dir='ltr'>semper</span> <span class='ocrx_word' id='word_1_303' title='bbox 968 3497 1023 3550; x_wconf 88' lang='lat' dir='ltr'>sibi</span> <span class='ocrx_word' id='word_1_304' title='bbox 1042 3500 1147 3568; x_wconf 87' lang='lat' dir='ltr'>imponi</span> <span class='ocrx_word' id='word_1_305' title='bbox 1159 3502 1228 3555; x_wconf 78' lang='lat' dir='ltr'>side</span> 
     </span>
     <span class='ocr_line' id='line_1_41' title="bbox 399 3581 1229 3650; baseline 0.007 -18"><span class='ocrx_word' id='word_1_306' title='bbox 399 3597 429 3632; x_wconf 89' lang='lat' dir='ltr'>re</span> <span class='ocrx_word' id='word_1_307' title='bbox 447 3581 565 3632; x_wconf 85' lang='lat' dir='ltr'>noliectss</span> <span class='ocrx_word' id='word_1_308' title='bbox 583 3581 733 3648; x_wconf 79' lang='lat' dir='ltr'>eiusmndis</span> <span class='ocrx_word' id='word_1_309' title='bbox 752 3581 860 3650; x_wconf 87' lang='lat' dir='ltr'>praedia</span> <span class='ocrx_word' id='word_1_310' title='bbox 887 3582 959 3633; x_wconf 88' lang='lat' dir='ltr'>euim</span> <span class='ocrx_word' id='word_1_311' title='bbox 980 3591 1006 3634; x_wconf 90' lang='grc' dir='ltr'>ιι</span> <span class='ocrx_word' id='word_1_312' title='bbox 1025 3581 1093 3634; x_wconf 90' lang='lat' dir='ltr'>bona</span> <span class='ocrx_word' id='word_1_313' title='bbox 1111 3583 1229 3638; x_wconf 77' lang='lat' dir='ltr'>civitatis</span> 
     </span>
     <span class='ocr_line' id='line_1_42' title="bbox 400 3662 1230 3736; baseline 0.013 -23"><span class='ocrx_word' id='word_1_314' title='bbox 400 3662 507 3734; x_wconf 82' lang='lat' dir='ltr'>qnando</span> <span class='ocrx_word' id='word_1_315' title='bbox 524 3662 639 3718; x_wconf 89' lang='lat' dir='ltr'>alienata</span> <span class='ocrx_word' id='word_1_316' title='bbox 656 3673 737 3729; x_wconf 86' lang='lat' dir='ltr'>suut,</span> <span class='ocrx_word' id='word_1_317' title='bbox 753 3666 815 3734; x_wconf 89' lang='lat' dir='ltr'>quis</span> <span class='ocrx_word' id='word_1_318' title='bbox 833 3679 912 3719; x_wconf 90' lang='lat' dir='ltr'>onera</span> <span class='ocrx_word' id='word_1_319' title='bbox 937 3664 1045 3736; x_wconf 87' lang='lat' dir='ltr'>publica</span> <span class='ocrx_word' id='word_1_320' title='bbox 1061 3669 1230 3724; x_wconf 83' lang='lat' dir='ltr'>sustinebit?</span> 
     </span>
     <span class='ocr_line' id='line_1_43' title="bbox 400 3743 1230 3820; baseline 0.001 -19"><span class='ocrx_word' id='word_1_321' title='bbox 400 3748 461 3820; x_wconf 82' lang='lat' dir='ltr'>quis</span> <span class='ocrx_word' id='word_1_322' title='bbox 479 3747 571 3800; x_wconf 80' lang='lat' dir='ltr'>salarie</span> <span class='ocrx_word' id='word_1_323' title='bbox 590 3748 753 3816; x_wconf 79' lang='lat' dir='ltr'>magistratui</span> <span class='ocrx_word' id='word_1_324' title='bbox 766 3751 875 3819; x_wconf 85' lang='lat' dir='ltr'>ejusque</span> <span class='ocrx_word' id='word_1_325' title='bbox 888 3743 1055 3802; x_wconf 78' lang='lat' dir='ltr'>officialibus</span> <span class='ocrx_word' id='word_1_326' title='bbox 1073 3749 1230 3820; x_wconf 78' lang='lat' dir='ltr'>praestabit?</span> 
     </span>
     <span class='ocr_line' id='line_1_44' title="bbox 401 3832 1229 3905; baseline 0.006 -17"><span class='ocrx_word' id='word_1_327' title='bbox 401 3837 477 3888; x_wconf 79' lang='lat' dir='ltr'>dunc</span> <span class='ocrx_word' id='word_1_328' title='bbox 496 3832 589 3888; x_wconf 82' lang='lat' dir='ltr'>ciritae</span> <span class='ocrx_word' id='word_1_329' title='bbox 607 3845 734 3904; x_wconf 88' lang='lat' dir='ltr'>perpetuo</span> <span class='ocrx_word' id='word_1_330' title='bbox 752 3833 827 3904; x_wconf 85' lang='lat' dir='ltr'>qussi</span> <span class='ocrx_word' id='word_1_331' title='bbox 847 3834 1016 3887; x_wconf 86' lang='lat' dir='ltr'>collectarum</span> <span class='ocrx_word' id='word_1_332' title='bbox 1034 3851 1229 3905; x_wconf 65' lang='lat' dir='ltr'>consecrante</span> 
     </span>
     <span class='ocr_line' id='line_1_45' title="bbox 399 3915 1230 3989; baseline 0.004 -16"><span class='ocrx_word' id='word_1_333' title='bbox 399 3921 452 3976; x_wconf 85' lang='lat' dir='ltr'>erit</span> <span class='ocrx_word' id='word_1_334' title='bbox 468 3935 517 3989; x_wconf 89' lang='lat' dir='ltr'>pro</span> <span class='ocrx_word' id='word_1_335' title='bbox 536 3915 703 3971; x_wconf 86' lang='lat' dir='ltr'>sustinendis</span> <span class='ocrx_word' id='word_1_336' title='bbox 722 3918 765 3970; x_wconf 91' lang='lat' dir='ltr'>bis</span> <span class='ocrx_word' id='word_1_337' title='bbox 782 3918 923 3983; x_wconf 90' lang='lat' dir='ltr'>oneribus,</span> <span class='ocrx_word' id='word_1_338' title='bbox 943 3928 969 3971; x_wconf 92' lang='lat' dir='ltr'>et</span> <span class='ocrx_word' id='word_1_339' title='bbox 987 3920 1164 3989; x_wconf 81' lang='lat' dir='ltr'>expediendis</span> <span class='ocrx_word' id='word_1_340' title='bbox 1184 3941 1230 3976; x_wconf 89' lang='lat' dir='ltr'>ne·</span> 
     </span>
     <span class='ocr_line' id='line_1_46' title="bbox 400 4001 1227 4074; baseline 0.005 -16"><span class='ocrx_word' id='word_1_341' title='bbox 400 4004 482 4074; x_wconf 76' lang='lat' dir='ltr'>gotiis</span> <span class='ocrx_word' id='word_1_342' title='bbox 499 4001 627 4072; x_wconf 82' lang='lat' dir='ltr'>publicis,</span> <span class='ocrx_word' id='word_1_343' title='bbox 646 4017 705 4054; x_wconf 90' lang='lat' dir='ltr'>cum</span> <span class='ocrx_word' id='word_1_344' title='bbox 723 4004 781 4070; x_wconf 83' lang='lat' dir='ltr'>jura</span> <span class='ocrx_word' id='word_1_345' title='bbox 801 4003 862 4056; x_wconf 89' lang='lat' dir='ltr'>talia</span> <span class='ocrx_word' id='word_1_346' title='bbox 881 4003 915 4056; x_wconf 90' lang='lat' dir='ltr'>eb</span> <span class='ocrx_word' id='word_1_347' title='bbox 933 4003 992 4072; x_wconf 91' lang='lat' dir='ltr'>ipsa</span> <span class='ocrx_word' id='word_1_348' title='bbox 1012 4004 1165 4074; x_wconf 80' lang='lat' dir='ltr'>requirant?</span> <span class='ocrx_word' id='word_1_349' title='bbox 1177 4007 1227 4062; x_wconf 79' lang='lat' dir='ltr'>In·</span> 
     </span>
     <span class='ocr_line' id='line_1_47' title="bbox 399 4087 1229 4158; baseline 0.006 -18"><span class='ocrx_word' id='word_1_350' title='bbox 399 4104 450 4140; x_wconf 86' lang='grc' dir='ltr'>ιιι.</span> <span class='ocrx_word' id='word_1_351' title='bbox 470 4087 519 4140; x_wconf 81' lang='lat' dir='ltr'>att.</span> <span class='ocrx_word' id='word_1_352' title='bbox 537 4103 623 4154; x_wconf 84' lang='lat' dir='ltr'>supro</span> <span class='ocrx_word' id='word_1_353' title='bbox 642 4093 720 4139; x_wconf 82' lang='lat' dir='ltr'>tract.</span> <span class='ocrx_word' id='word_1_354' title='bbox 737 4104 765 4156; x_wconf 86' lang='lat' dir='ltr'>p.</span> <span class='ocrx_word' id='word_1_355' title='bbox 787 4097 811 4139; x_wconf 85' lang='grc' dir='ltr'>ι.</span> <span class='ocrx_word' id='word_1_356' title='bbox 829 4103 852 4139; x_wconf 88' lang='lat' dir='ltr'>e.</span> <span class='ocrx_word' id='word_1_357' title='bbox 873 4099 898 4140; x_wconf 87' lang='grc' dir='ltr'>ι.</span> <span class='ocrx_word' id='word_1_358' title='bbox 907 4105 959 4158; x_wconf 81' lang='lat' dir='ltr'>per·</span> <span class='ocrx_word' id='word_1_359' title='bbox 970 4097 1019 4140; x_wconf 90' lang='lat' dir='ltr'>tot.</span> <span class='ocrx_word' id='word_1_360' title='bbox 1031 4105 1085 4157; x_wconf 89' lang='lat' dir='ltr'>quo</span> <span class='ocrx_word' id='word_1_361' title='bbox 1102 4090 1167 4158; x_wconf 88' lang='lat' dir='ltr'>quid</span> <span class='ocrx_word' id='word_1_362' title='bbox 1181 4091 1229 4145; x_wconf 88' lang='lat' dir='ltr'>du·</span> 
     </span>
     <span class='ocr_line' id='line_1_48' title="bbox 400 4169 1227 4242; baseline 0.008 -19"><span class='ocrx_word' id='word_1_363' title='bbox 400 4171 457 4224; x_wconf 90' lang='lat' dir='ltr'>rins</span> <span class='ocrx_word' id='word_1_364' title='bbox 475 4179 521 4222; x_wconf 85' lang='grc' dir='ltr'>ιιιι</span> <span class='ocrx_word' id='word_1_365' title='bbox 538 4169 644 4240; x_wconf 81' lang='lat' dir='ltr'>gravius</span> <span class='ocrx_word' id='word_1_366' title='bbox 661 4185 720 4223; x_wconf 88' lang='lat' dir='ltr'>esse</span> <span class='ocrx_word' id='word_1_367' title='bbox 737 4169 839 4242; x_wconf 88' lang='lat' dir='ltr'>possit,</span> <span class='ocrx_word' id='word_1_368' title='bbox 866 4189 920 4226; x_wconf 88' lang='lat' dir='ltr'>uon</span> <span class='ocrx_word' id='word_1_369' title='bbox 940 4172 1040 4239; x_wconf 80' lang='lat' dir='ltr'>video,</span> <span class='ocrx_word' id='word_1_370' title='bbox 1066 4177 1227 4242; x_wconf 88' lang='lat' dir='ltr'>praesertim</span> 
     </span>
     <span class='ocr_line' id='line_1_49' title="bbox 400 4255 1229 4330; baseline 0.007 -20"><span class='ocrx_word' id='word_1_371' title='bbox 400 4256 555 4310; x_wconf 86' lang='lat' dir='ltr'>calamitoso</span> <span class='ocrx_word' id='word_1_372' title='bbox 573 4255 624 4310; x_wconf 88' lang='lat' dir='ltr'>boe</span> <span class='ocrx_word' id='word_1_373' title='bbox 635 4266 770 4328; x_wconf 86' lang='lat' dir='ltr'>tempore,</span> <span class='ocrx_word' id='word_1_374' title='bbox 789 4256 859 4326; x_wconf 89' lang='lat' dir='ltr'>qood</span> <span class='ocrx_word' id='word_1_375' title='bbox 878 4275 983 4329; x_wconf 82' lang='lat' dir='ltr'>semper</span> <span class='ocrx_word' id='word_1_376' title='bbox 996 4269 1023 4312; x_wconf 90' lang='lat' dir='ltr'>et</span> <span class='ocrx_word' id='word_1_377' title='bbox 1034 4259 1133 4330; x_wconf 84' lang='lat' dir='ltr'>ubique</span> <span class='ocrx_word' id='word_1_378' title='bbox 1150 4277 1229 4316; x_wconf 86' lang='lat' dir='ltr'>noras</span> 
     </span>
     <span class='ocr_line' id='line_1_50' title="bbox 398 4339 893 4412; baseline 0.006 -20"><span class='ocrx_word' id='word_1_379' title='bbox 398 4339 555 4412; x_wconf 88' lang='lat' dir='ltr'>deproperat</span> <span class='ocrx_word' id='word_1_380' title='bbox 565 4343 645 4396; x_wconf 84' lang='lat' dir='ltr'>edere</span> <span class='ocrx_word' id='word_1_381' title='bbox 656 4357 769 4394; x_wconf 87' lang='lat' dir='ltr'>onerum</span> <span class='ocrx_word' id='word_1_382' title='bbox 783 4341 893 4396; x_wconf 88' lang='lat' dir='ltr'>iormas.</span> 
     </span>
    </p>

    <p class='ocr_par' dir='ltr' id='par_1_9' title="bbox 398 4425 1230 5003">
     <span class='ocr_line' id='line_1_51' title="bbox 434 4425 1230 4495; baseline 0.009 -20"><span class='ocrx_word' id='word_1_383' title='bbox 434 4425 542 4493; x_wconf 81' lang='lat' dir='ltr'>Quoties</span> <span class='ocrx_word' id='word_1_384' title='bbox 559 4441 622 4495; x_wconf 81' lang='lat' dir='ltr'>ergo</span> <span class='ocrx_word' id='word_1_385' title='bbox 641 4443 698 4488; x_wconf 89' lang='lat' dir='ltr'>res,</span> <span class='ocrx_word' id='word_1_386' title='bbox 718 4427 803 4490; x_wconf 86' lang='lat' dir='ltr'>bona,</span> <span class='ocrx_word' id='word_1_387' title='bbox 825 4437 851 4480; x_wconf 90' lang='lat' dir='ltr'>et</span> <span class='ocrx_word' id='word_1_388' title='bbox 870 4427 991 4481; x_wconf 71' lang='lat' dir='ltr'>fortunae</span> <span class='ocrx_word' id='word_1_389' title='bbox 1009 4427 1107 4480; x_wconf 85' lang='lat' dir='ltr'>cirinen</span> <span class='ocrx_word' id='word_1_390' title='bbox 1124 4426 1190 4480; x_wconf 83' lang='lat' dir='ltr'>bene</span> <span class='ocrx_word' id='word_1_391' title='bbox 1202 4445 1230 4482; x_wconf 89' lang='lat' dir='ltr'>se</span> 
     </span>
     <span class='ocr_line' id='line_1_52' title="bbox 399 4507 1227 4580; baseline 0 -14"><span class='ocrx_word' id='word_1_392' title='bbox 399 4507 511 4576; x_wconf 83' lang='lat' dir='ltr'>hebent,</span> <span class='ocrx_word' id='word_1_393' title='bbox 532 4512 631 4567; x_wconf 85' lang='lat' dir='ltr'>melius</span> <span class='ocrx_word' id='word_1_394' title='bbox 648 4511 716 4578; x_wconf 90' lang='lat' dir='ltr'>erit,</span> <span class='ocrx_word' id='word_1_395' title='bbox 734 4512 909 4566; x_wconf 81' lang='lat' dir='ltr'>voluntariam</span> <span class='ocrx_word' id='word_1_396' title='bbox 936 4513 1071 4580; x_wconf 89' lang='lat' dir='ltr'>ejusmodi</span> <span class='ocrx_word' id='word_1_397' title='bbox 1090 4513 1227 4566; x_wconf 86' lang='lat' dir='ltr'>collectam</span> 
     </span>
     <span class='ocr_line' id='line_1_53' title="bbox 398 4595 1227 4666; baseline 0.002 -16"><span class='ocrx_word' id='word_1_398' title='bbox 398 4595 432 4650; x_wconf 90' lang='lat' dir='ltr'>ab</span> <span class='ocrx_word' id='word_1_399' title='bbox 452 4596 532 4650; x_wconf 88' lang='lat' dir='ltr'>initio</span> <span class='ocrx_word' id='word_1_400' title='bbox 551 4597 645 4648; x_wconf 87' lang='lat' dir='ltr'>statim</span> <span class='ocrx_word' id='word_1_401' title='bbox 662 4597 768 4658; x_wconf 82' lang='lat' dir='ltr'>subire,</span> <span class='ocrx_word' id='word_1_402' title='bbox 785 4613 866 4666; x_wconf 84' lang='lat' dir='ltr'>qnam</span> <span class='ocrx_word' id='word_1_403' title='bbox 884 4597 1075 4650; x_wconf 84' lang='lat' dir='ltr'>alienationem</span> <span class='ocrx_word' id='word_1_404' title='bbox 1087 4609 1177 4650; x_wconf 85' lang='lat' dir='ltr'>rernm</span> <span class='ocrx_word' id='word_1_405' title='bbox 1190 4609 1227 4653; x_wconf 90' lang='lat' dir='ltr'>et·</span> 
     </span>
     <span class='ocr_line' id='line_1_54' title="bbox 398 4677 1225 4752; baseline 0.001 -20"><span class='ocrx_word' id='word_1_406' title='bbox 398 4697 450 4748; x_wconf 91' lang='lat' dir='ltr'>que</span> <span class='ocrx_word' id='word_1_407' title='bbox 469 4680 601 4735; x_wconf 76' lang='lat' dir='ltr'>linteorum</span> <span class='ocrx_word' id='word_1_408' title='bbox 618 4681 737 4736; x_wconf 81' lang='lat' dir='ltr'>civitatis</span> <span class='ocrx_word' id='word_1_409' title='bbox 749 4697 810 4735; x_wconf 86' lang='lat' dir='ltr'>sose</span> <span class='ocrx_word' id='word_1_410' title='bbox 823 4680 996 4750; x_wconf 86' lang='lat' dir='ltr'>permittere,</span> <span class='ocrx_word' id='word_1_411' title='bbox 1014 4695 1074 4732; x_wconf 84' lang='lat' dir='ltr'>eune</span> <span class='ocrx_word' id='word_1_412' title='bbox 1092 4677 1153 4733; x_wconf 81' lang='lat' dir='ltr'>fieri</span> <span class='ocrx_word' id='word_1_413' title='bbox 1166 4697 1225 4752; x_wconf 84' lang='lat' dir='ltr'>poe-</span> 
     </span>
     <span class='ocr_line' id='line_1_55' title="bbox 399 4765 1227 4834; baseline 0.004 -16"><span class='ocrx_word' id='word_1_414' title='bbox 399 4773 462 4824; x_wconf 86' lang='lat' dir='ltr'>set,</span> <span class='ocrx_word' id='word_1_415' title='bbox 487 4773 517 4816; x_wconf 91' lang='lat' dir='ltr'>ut</span> <span class='ocrx_word' id='word_1_416' title='bbox 535 4773 562 4816; x_wconf 89' lang='lat' dir='ltr'>et</span> <span class='ocrx_word' id='word_1_417' title='bbox 587 4765 641 4834; x_wconf 87' lang='lat' dir='ltr'>ipsi</span> <span class='ocrx_word' id='word_1_418' title='bbox 665 4765 840 4818; x_wconf 82' lang='lat' dir='ltr'>iecultstibus</span> <span class='ocrx_word' id='word_1_419' title='bbox 853 4766 1025 4829; x_wconf 87' lang='lat' dir='ltr'>laberentur,</span> <span class='ocrx_word' id='word_1_420' title='bbox 1043 4781 1092 4818; x_wconf 90' lang='lat' dir='ltr'>nec</span> <span class='ocrx_word' id='word_1_421' title='bbox 1111 4765 1149 4819; x_wconf 90' lang='lat' dir='ltr'>iis</span> <span class='ocrx_word' id='word_1_422' title='bbox 1166 4770 1227 4821; x_wconf 89' lang='lat' dir='ltr'>reii-</span> 
     </span>
     <span class='ocr_line' id='line_1_56' title="bbox 399 4847 1226 4920; baseline 0.006 -20"><span class='ocrx_word' id='word_1_423' title='bbox 399 4865 480 4920; x_wconf 89' lang='lat' dir='ltr'>quum</span> <span class='ocrx_word' id='word_1_424' title='bbox 499 4857 584 4913; x_wconf 87' lang='lat' dir='ltr'>esset,</span> <span class='ocrx_word' id='word_1_425' title='bbox 603 4848 675 4902; x_wconf 90' lang='lat' dir='ltr'>unde</span> <span class='ocrx_word' id='word_1_426' title='bbox 690 4850 814 4903; x_wconf 86' lang='lat' dir='ltr'>collectas</span> <span class='ocrx_word' id='word_1_427' title='bbox 834 4848 893 4900; x_wconf 88' lang='lat' dir='ltr'>ilias</span> <span class='ocrx_word' id='word_1_428' title='bbox 911 4847 944 4900; x_wconf 90' lang='lat' dir='ltr'>ad</span> <span class='ocrx_word' id='word_1_429' title='bbox 963 4848 1120 4902; x_wconf 73' lang='lat' dir='ltr'>sustinendo</span> <span class='ocrx_word' id='word_1_430' title='bbox 1144 4868 1226 4905; x_wconf 89' lang='lat' dir='ltr'>onere</span> 
     </span>
     <span class='ocr_line' id='line_1_57' title="bbox 400 4931 1226 5003; baseline 0.004 -17"><span class='ocrx_word' id='word_1_431' title='bbox 400 4932 501 4986; x_wconf 82' lang='lat' dir='ltr'>solvere</span> <span class='ocrx_word' id='word_1_432' title='bbox 519 4940 644 5003; x_wconf 87' lang='lat' dir='ltr'>possent,</span> <span class='ocrx_word' id='word_1_433' title='bbox 661 4951 714 5003; x_wconf 90' lang='lat' dir='ltr'>quo</span> <span class='ocrx_word' id='word_1_434' title='bbox 730 4947 805 4996; x_wconf 74' lang='lat' dir='ltr'>meu,</span> <span class='ocrx_word' id='word_1_435' title='bbox 825 4931 851 4984; x_wconf 92' lang='lat' dir='ltr'>ai</span> <span class='ocrx_word' id='word_1_436' title='bbox 867 4932 962 4986; x_wconf 86' lang='lat' dir='ltr'>eiritss</span> <span class='ocrx_word' id='word_1_437' title='bbox 978 4931 1047 4985; x_wconf 91' lang='lat' dir='ltr'>bona</span> <span class='ocrx_word' id='word_1_438' title='bbox 1065 4948 1119 4986; x_wconf 90' lang='lat' dir='ltr'>nnn</span> <span class='ocrx_word' id='word_1_439' title='bbox 1130 4933 1226 4990; x_wconf 88' lang='lat' dir='ltr'>babeat</span> 
     </span>
    </p>
   </div>
   <div class='ocr_carea' id='block_1_8' title="bbox 1023 257 2037 354">
    <p class='ocr_par' dir='ltr' id='par_1_10' title="bbox 1023 257 2037 354">
     <span class='ocr_line' id='line_1_58' title="bbox 1023 257 2037 354; baseline 0.045 -45"><span class='ocrx_word' id='word_1_440' title='bbox 1023 257 1213 318; x_wconf 77' lang='lat' dir='ltr'>utsPtJTtT.</span> <span class='ocrx_word' id='word_1_441' title='bbox 1232 261 1333 326; x_wconf 76' lang='lat' dir='ltr'>XVili.</span> <span class='ocrx_word' id='word_1_442' title='bbox 1353 270 1472 328; x_wconf 75' lang='lat' dir='ltr'>ceput</span> <span class='ocrx_word' id='word_1_443' title='bbox 1488 279 1520 334; x_wconf 77' lang='lat' dir='ltr'>V.</span> <span class='ocrx_word' id='word_1_444' title='bbox 1994 293 2037 354; x_wconf 67' lang='lat' dir='ltr'>iii</span> 
     </span>
    </p>
   </div>
   <div class='ocr_carea' id='block_1_9' title="bbox 1286 369 2081 704">
    <p class='ocr_par' dir='ltr' id='par_1_11' title="bbox 1286 369 2081 704">
     <span class='ocr_line' id='line_1_59' title="bbox 1286 369 2078 454; baseline 0.023 -36"><span class='ocrx_word' id='word_1_445' title='bbox 1286 369 1474 424; x_wconf 84' lang='lat' dir='ltr'>alienationem</span> <span class='ocrx_word' id='word_1_446' title='bbox 1486 371 1618 428; x_wconf 82' lang='lat' dir='ltr'>bonorum</span> <span class='ocrx_word' id='word_1_447' title='bbox 1637 373 1818 432; x_wconf 83' lang='lat' dir='ltr'>immobilium</span> <span class='ocrx_word' id='word_1_448' title='bbox 1832 379 1996 448; x_wconf 80' lang='lat' dir='ltr'>derenialnr,</span> <span class='ocrx_word' id='word_1_449' title='bbox 2006 384 2078 454; x_wconf 61' lang='lat' dir='ltr'>cepi</span> 
     </span>
     <span class='ocr_line' id='line_1_60' title="bbox 1288 455 2080 532; baseline 0.02 -26"><span class='ocrx_word' id='word_1_450' title='bbox 1288 457 1347 521; x_wconf 58' lang='grc' dir='ltr'>ις</span> <span class='ocrx_word' id='word_1_451' title='bbox 1363 455 1497 527; x_wconf 81' lang='lat' dir='ltr'>inprimis.</span> <span class='ocrx_word' id='word_1_452' title='bbox 1507 458 1548 528; x_wconf 77' lang='lat' dir='ltr'><em>ff</em></span> <span class='ocrx_word' id='word_1_453' title='bbox 1568 460 1602 513; x_wconf 82' lang='lat' dir='ltr'>eie</span> <span class='ocrx_word' id='word_1_454' title='bbox 1614 461 1668 514; x_wconf 71' lang='lat' dir='ltr'>nt.</span> <span class='ocrx_word' id='word_1_455' title='bbox 1680 479 1737 516; x_wconf 87' lang='lat' dir='ltr'>eor.</span> <span class='ocrx_word' id='word_1_456' title='bbox 1748 473 1796 517; x_wconf 84' lang='lat' dir='ltr'>etc·</span> <span class='ocrx_word' id='word_1_457' title='bbox 1814 466 1889 532; x_wconf 79' lang='lat' dir='ltr'>cuins</span> <span class='ocrx_word' id='word_1_458' title='bbox 1906 466 2080 522; x_wconf 78' lang='lat' dir='ltr'>occasionalis</span> 
     </span>
     <span class='ocr_line' id='line_1_61' title="bbox 1286 539 2080 619; baseline 0.015 -27"><span class='ocrx_word' id='word_1_459' title='bbox 1286 539 1496 610; x_wconf 72' lang='lat' dir='ltr'>subJengeaidurn</span> <span class='ocrx_word' id='word_1_460' title='bbox 1507 553 1572 608; x_wconf 76' lang='lat' dir='ltr'>-est,</span> <span class='ocrx_word' id='word_1_461' title='bbox 1588 545 1659 614; x_wconf 85' lang='lat' dir='ltr'>quod</span> <span class='ocrx_word' id='word_1_462' title='bbox 1677 547 1784 611; x_wconf 79' lang='lat' dir='ltr'>civitas,</span> <span class='ocrx_word' id='word_1_463' title='bbox 1800 549 1972 619; x_wconf 73' lang='lat' dir='ltr'>quaesiisse</span> <span class='ocrx_word' id='word_1_464' title='bbox 1983 563 2080 608; x_wconf 77' lang='grc' dir='ltr'>ιιιιιιι·</span> 
     </span>
     <span class='ocr_line' id='line_1_62' title="bbox 1286 620 2081 704; baseline 0.025 -33"><span class='ocrx_word' id='word_1_465' title='bbox 1286 620 1346 675; x_wconf 90' lang='lat' dir='ltr'>dam</span> <span class='ocrx_word' id='word_1_466' title='bbox 1367 625 1552 680; x_wconf 76' lang='lat' dir='ltr'>alienationem</span> <span class='ocrx_word' id='word_1_467' title='bbox 1574 643 1662 684; x_wconf 84' lang='lat' dir='ltr'>rerum</span> <span class='ocrx_word' id='word_1_468' title='bbox 1681 648 1786 686; x_wconf 84' lang='lat' dir='ltr'>suarum</span> <span class='ocrx_word' id='word_1_469' title='bbox 1804 651 1911 686; x_wconf 89' lang='lat' dir='ltr'>ornnem</span> <span class='ocrx_word' id='word_1_470' title='bbox 1936 633 2081 704; x_wconf 75' lang='lat' dir='ltr'>diligentins</span> 
     </span>
    </p>
   </div>
   <div class='ocr_carea' id='block_1_10' title="bbox 1275 875 2136 5002">
    <p class='ocr_par' dir='ltr' id='par_1_12' title="bbox 1281 875 2126 2211">
     <span class='ocr_line' id='line_1_63' title="bbox 1286 875 2078 950; baseline 0.011 -20"><span class='ocrx_word' id='word_1_471' title='bbox 1286 894 1319 930; x_wconf 84' lang='lat' dir='ltr'>na</span> <span class='ocrx_word' id='word_1_472' title='bbox 1339 875 1384 928; x_wconf 84' lang='lat' dir='ltr'>illa</span> <span class='ocrx_word' id='word_1_473' title='bbox 1410 877 1576 932; x_wconf 72' lang='lat' dir='ltr'>insultatum</span> <span class='ocrx_word' id='word_1_474' title='bbox 1596 879 1660 934; x_wconf 87' lang='lat' dir='ltr'>dere</span> <span class='ocrx_word' id='word_1_475' title='bbox 1678 881 1784 950; x_wconf 89' lang='lat' dir='ltr'>possit,</span> <span class='ocrx_word' id='word_1_476' title='bbox 1951 883 2078 940; x_wconf 85' lang='lat' dir='ltr'>immobilia</span> 
     </span>
     <span class='ocr_line' id='line_1_64' title="bbox 1286 957 2082 1038; baseline 0.019 -35"><span class='ocrx_word' id='word_1_477' title='bbox 1286 957 1506 1028; x_wconf 85' lang='lat' dir='ltr'>possirieat,·per</span> <span class='ocrx_word' id='word_1_478' title='bbox 1525 961 1543 1012; x_wconf 80' lang='lat' dir='ltr'>l.</span> <span class='ocrx_word' id='word_1_479' title='bbox 1564 974 1586 1016; x_wconf 86' lang='lat' dir='ltr'>s.</span> <span class='ocrx_word' id='word_1_480' title='bbox 1596 961 1637 1030; x_wconf 78' lang='lat' dir='ltr'>ff.</span> <span class='ocrx_word' id='word_1_481' title='bbox 1655 965 1730 1035; x_wconf 78' lang='lat' dir='ltr'>qnod</span> <span class='ocrx_word' id='word_1_482' title='bbox 1745 964 1873 1038; x_wconf 81' lang='lat' dir='ltr'>snjrespue</span> <span class='ocrx_word' id='word_1_483' title='bbox 1935 965 2006 1021; x_wconf 78' lang='lat' dir='ltr'>iners.</span> <span class='ocrx_word' id='word_1_484' title='bbox 2023 985 2082 1022; x_wconf 85' lang='lat' dir='ltr'>nore.</span> 
     </span>
     <span class='ocr_line' id='line_1_65' title="bbox 1284 1035 2124 1115; baseline 0.021 -26"><span class='ocrx_word' id='word_1_485' title='bbox 1284 1035 1344 1105; x_wconf 82' lang='lat' dir='ltr'>Non</span> <span class='ocrx_word' id='word_1_486' title='bbox 1364 1040 1435 1094; x_wconf 86' lang='lat' dir='ltr'>enirn</span> <span class='ocrx_word' id='word_1_487' title='bbox 1456 1043 1537 1096; x_wconf 88' lang='lat' dir='ltr'>aliunt</span> <span class='ocrx_word' id='word_1_488' title='bbox 1551 1045 1673 1100; x_wconf 89' lang='lat' dir='ltr'>ordinem</span> <span class='ocrx_word' id='word_1_489' title='bbox 1688 1047 1784 1115; x_wconf 84' lang='lat' dir='ltr'>judicii</span> <span class='ocrx_word' id='word_1_490' title='bbox 1801 1057 1828 1101; x_wconf 90' lang='lat' dir='ltr'>et</span> <span class='ocrx_word' id='word_1_491' title='bbox 1896 1050 2007 1103; x_wconf 89' lang='lat' dir='ltr'>cotionia</span> <span class='ocrx_word' id='word_1_492' title='bbox 2019 1051 2082 1106; x_wconf 82' lang='lat' dir='ltr'>teet·</span> <span class='ocrx_word' id='word_1_493' title='bbox 2106 1042 2124 1081; x_wconf 78' lang='lat'>¹⁸</span> 
     </span>
     <span class='ocr_line' id='line_1_66' title="bbox 1286 1121 2083 1202; baseline 0.023 -30"><span class='ocrx_word' id='word_1_494' title='bbox 1286 1121 1410 1178; x_wconf 81' lang='lat' dir='ltr'>vitatibus</span> <span class='ocrx_word' id='word_1_495' title='bbox 1426 1125 1619 1180; x_wconf 77' lang='lat' dir='ltr'>obsecrandum</span> <span class='ocrx_word' id='word_1_496' title='bbox 1638 1146 1712 1193; x_wconf 89' lang='lat' dir='ltr'>esse,</span> <span class='ocrx_word' id='word_1_497' title='bbox 1740 1148 1818 1202; x_wconf 66' lang='lat' dir='ltr'>qaee-</span> <span class='ocrx_word' id='word_1_498' title='bbox 1839 1130 1867 1183; x_wconf 93' lang='lat' dir='ltr'>in</span> <span class='ocrx_word' id='word_1_499' title='bbox 1920 1132 1995 1186; x_wconf 89' lang='lat' dir='ltr'>&#39;eatis</span> <span class='ocrx_word' id='word_1_500' title='bbox 2011 1135 2083 1189; x_wconf 79' lang='lat' dir='ltr'>obser·</span> 
     </span>
     <span class='ocr_line' id='line_1_67' title="bbox 1284 1210 2083 1288; baseline 0.016 -30"><span class='ocrx_word' id='word_1_501' title='bbox 1284 1216 1375 1273; x_wconf 84' lang='lat' dir='ltr'>estur,</span> <span class='ocrx_word' id='word_1_502' title='bbox 1395 1210 1477 1264; x_wconf 86' lang='lat' dir='ltr'>tradit</span> <span class='ocrx_word' id='word_1_503' title='bbox 1495 1211 1597 1266; x_wconf 83' lang='lat' dir='ltr'>Brutus.</span> <span class='ocrx_word' id='word_1_504' title='bbox 1616 1212 1656 1265; x_wconf 85' lang='lat' dir='ltr'>od</span> <span class='ocrx_word' id='word_1_505' title='bbox 1666 1215 1714 1267; x_wconf 85' lang='lat' dir='ltr'>all.</span> <span class='ocrx_word' id='word_1_506' title='bbox 1727 1215 1746 1266; x_wconf 94' lang='lat' dir='ltr'>l.</span> <span class='ocrx_word' id='word_1_507' title='bbox 1761 1227 1785 1267; x_wconf 88' lang='grc' dir='ltr'>ι.</span> <span class='ocrx_word' id='word_1_508' title='bbox 1803 1213 1874 1285; x_wconf 66' lang='lat' dir='ltr'>prod</span> <span class='ocrx_word' id='word_1_509' title='bbox 1891 1225 1978 1270; x_wconf 85' lang='lat' dir='ltr'>antem</span> <span class='ocrx_word' id='word_1_510' title='bbox 1997 1217 2023 1270; x_wconf 88' lang='lat' dir='ltr'>iu</span> <span class='ocrx_word' id='word_1_511' title='bbox 2039 1219 2083 1288; x_wconf 88' lang='lat' dir='ltr'>pri·</span> 
     </span>
     <span class='ocr_line' id='line_1_68' title="bbox 1284 1297 2084 1356; baseline 0.006 -10"><span class='ocrx_word' id='word_1_512' title='bbox 1284 1301 1403 1346; x_wconf 88' lang='lat' dir='ltr'>talorum</span> <span class='ocrx_word' id='word_1_513' title='bbox 1421 1297 1625 1350; x_wconf 77' lang='lat' dir='ltr'>execrationibus</span> <span class='ocrx_word' id='word_1_514' title='bbox 1640 1297 1667 1348; x_wconf 90' lang='lat' dir='ltr'>in</span> <span class='ocrx_word' id='word_1_515' title='bbox 1681 1297 1831 1352; x_wconf 83' lang='lat' dir='ltr'>subsidium</span> <span class='ocrx_word' id='word_1_516' title='bbox 1845 1307 1949 1352; x_wconf 84' lang='lat' dir='ltr'>tantan</span> <span class='ocrx_word' id='word_1_517' title='bbox 1966 1299 2001 1352; x_wconf 90' lang='lat' dir='ltr'>ed</span> <span class='ocrx_word' id='word_1_518' title='bbox 2015 1301 2084 1356; x_wconf 84' lang='lat' dir='ltr'>notai·</span> 
     </span>
     <span class='ocr_line' id='line_1_69' title="bbox 1285 1375 2085 1457; baseline 0.01 -29"><span class='ocrx_word' id='word_1_519' title='bbox 1285 1393 1318 1428; x_wconf 87' lang='lat' dir='ltr'>ne</span> <span class='ocrx_word' id='word_1_520' title='bbox 1337 1375 1511 1442; x_wconf 81' lang='grc' dir='ltr'>ιιιιιιιιιιιιι,</span> <span class='ocrx_word' id='word_1_521' title='bbox 1530 1379 1621 1451; x_wconf 87' lang='lat' dir='ltr'>probet</span> <span class='ocrx_word' id='word_1_522' title='bbox 1633 1381 1652 1434; x_wconf 86' lang='lat' dir='ltr'>i.</span> <span class='ocrx_word' id='word_1_523' title='bbox 1669 1393 1708 1434; x_wconf 82' lang='lat' dir='ltr'>tt.</span> <span class='ocrx_word' id='word_1_524' title='bbox 1727 1388 1749 1444; x_wconf 75' lang='grc' dir='ltr'>ι.</span> <span class='ocrx_word' id='word_1_525' title='bbox 1771 1393 1795 1434; x_wconf 91' lang='grc' dir='ltr'>ι.</span> <span class='ocrx_word' id='word_1_526' title='bbox 1813 1381 1950 1454; x_wconf 68' lang='lat' dir='ltr'>etrepff</span> <span class='ocrx_word' id='word_1_527' title='bbox 1962 1383 2085 1457; x_wconf 76' lang='lat' dir='ltr'>derejud</span> 
     </span>
     <span class='ocr_line' id='line_1_70' title="bbox 1284 1463 2126 1541; baseline 0.013 -27"><span class='ocrx_word' id='word_1_528' title='bbox 1284 1463 1353 1516; x_wconf 79' lang='lat' dir='ltr'>Sunt</span> <span class='ocrx_word' id='word_1_529' title='bbox 1370 1463 1498 1533; x_wconf 83' lang='lat' dir='ltr'>quidam,</span> <span class='ocrx_word' id='word_1_530' title='bbox 1517 1466 1562 1536; x_wconf 90' lang='lat' dir='ltr'>qui</span> <span class='ocrx_word' id='word_1_531' title='bbox 1583 1466 1685 1519; x_wconf 77' lang='lat' dir='ltr'>civitati</span> <span class='ocrx_word' id='word_1_532' title='bbox 1706 1467 1829 1536; x_wconf 86' lang='lat' dir='ltr'>exemplo</span> <span class='ocrx_word' id='word_1_533' title='bbox 1843 1469 1979 1523; x_wconf 80' lang='lat' dir='ltr'>missorum</span> <span class='ocrx_word' id='word_1_534' title='bbox 1991 1471 2086 1541; x_wconf 85' lang='lat' dir='ltr'>peruis-</span> <span class='ocrx_word' id='word_1_535' title='bbox 2108 1468 2126 1510; x_wconf 68' lang='lat'>⁸¹</span> 
     </span>
     <span class='ocr_line' id='line_1_71' title="bbox 1282 1549 2084 1618; baseline 0.019 -22"><span class='ocrx_word' id='word_1_536' title='bbox 1282 1562 1339 1598; x_wconf 89' lang='lat' dir='ltr'>som</span> <span class='ocrx_word' id='word_1_537' title='bbox 1358 1564 1415 1600; x_wconf 89' lang='lat' dir='ltr'>esse</span> <span class='ocrx_word' id='word_1_538' title='bbox 1432 1549 1541 1615; x_wconf 90' lang='lat' dir='ltr'>dicunt,</span> <span class='ocrx_word' id='word_1_539' title='bbox 1561 1549 1647 1603; x_wconf 87' lang='lat' dir='ltr'>insito</span> <span class='ocrx_word' id='word_1_540' title='bbox 1665 1550 1789 1604; x_wconf 86' lang='lat' dir='ltr'>creditori</span> <span class='ocrx_word' id='word_1_541' title='bbox 1809 1553 1919 1606; x_wconf 87' lang='lat' dir='ltr'>nornine</span> <span class='ocrx_word' id='word_1_542' title='bbox 1943 1553 2084 1618; x_wconf 84' lang='lat' dir='ltr'>obtrudere,</span> 
     </span>
     <span class='ocr_line' id='line_1_72' title="bbox 1281 1629 2125 1703; baseline 0.017 -24"><span class='ocrx_word' id='word_1_543' title='bbox 1281 1645 1346 1697; x_wconf 91' lang='lat' dir='ltr'>quos</span> <span class='ocrx_word' id='word_1_544' title='bbox 1364 1629 1430 1682; x_wconf 85' lang='lat' dir='ltr'>citat</span> <span class='ocrx_word' id='word_1_545' title='bbox 1449 1641 1476 1684; x_wconf 90' lang='lat' dir='ltr'>et</span> <span class='ocrx_word' id='word_1_546' title='bbox 1495 1642 1567 1686; x_wconf 89' lang='lat' dir='ltr'>reete</span> <span class='ocrx_word' id='word_1_547' title='bbox 1585 1631 1684 1688; x_wconf 82' lang='lat' dir='ltr'>reiutat</span> <span class='ocrx_word' id='word_1_548' title='bbox 1712 1633 1782 1686; x_wconf 85' lang='lat' dir='ltr'>Beri.</span> <span class='ocrx_word' id='word_1_549' title='bbox 1798 1653 1828 1703; x_wconf 86' lang='lat' dir='ltr'>p.</span> <span class='ocrx_word' id='word_1_550' title='bbox 1849 1645 1870 1687; x_wconf 94' lang='grc' dir='ltr'>ι.</span> <span class='ocrx_word' id='word_1_551' title='bbox 1891 1639 1949 1690; x_wconf 82' lang='lat' dir='ltr'>dee.</span> <span class='ocrx_word' id='word_1_552' title='bbox 1970 1648 2027 1690; x_wconf 81' lang='grc' dir='ltr'>ιιι.</span> <span class='ocrx_word' id='word_1_553' title='bbox 2043 1639 2084 1692; x_wconf 76' lang='lat' dir='ltr'>tet</span> <span class='ocrx_word' id='word_1_554' title='bbox 2109 1635 2125 1671; x_wconf 81' lang='lat'>‘¹</span> 
     </span>
     <span class='ocr_line' id='line_1_73' title="bbox 1283 1711 2086 1793; baseline 0.02 -30"><span class='ocrx_word' id='word_1_555' title='bbox 1283 1729 1343 1764; x_wconf 88' lang='lat' dir='ltr'>curu</span> <span class='ocrx_word' id='word_1_556' title='bbox 1363 1711 1381 1762; x_wconf 85' lang='lat' dir='ltr'>i.</span> <span class='ocrx_word' id='word_1_557' title='bbox 1404 1726 1429 1765; x_wconf 80' lang='grc' dir='ltr'>ι.</span> <span class='ocrx_word' id='word_1_558' title='bbox 1447 1716 1471 1780; x_wconf 86' lang='lat'>§.</span> <span class='ocrx_word' id='word_1_559' title='bbox 1491 1715 1567 1784; x_wconf 60' lang='lat' dir='ltr'>eff.</span> <span class='ocrx_word' id='word_1_560' title='bbox 1585 1719 1618 1770; x_wconf 86' lang='lat' dir='ltr'>de</span> <span class='ocrx_word' id='word_1_561' title='bbox 1637 1718 1692 1770; x_wconf 83' lang='lat' dir='ltr'>reb.</span> <span class='ocrx_word' id='word_1_562' title='bbox 1709 1734 1766 1772; x_wconf 83' lang='lat' dir='ltr'>eor.</span> <span class='ocrx_word' id='word_1_563' title='bbox 1784 1737 1834 1788; x_wconf 91' lang='lat' dir='ltr'>que</span> <span class='ocrx_word' id='word_1_564' title='bbox 1860 1723 1993 1775; x_wconf 78' lang='lat' dir='ltr'>contraria</span> <span class='ocrx_word' id='word_1_565' title='bbox 2009 1725 2086 1793; x_wconf 89' lang='lat' dir='ltr'>opinio</span> 
     </span>
     <span class='ocr_line' id='line_1_74' title="bbox 1282 1795 2087 1865; baseline 0.017 -21"><span class='ocrx_word' id='word_1_566' title='bbox 1282 1795 1334 1848; x_wconf 92' lang='lat' dir='ltr'>niti</span> <span class='ocrx_word' id='word_1_567' title='bbox 1354 1796 1478 1863; x_wconf 87' lang='lat' dir='ltr'>ridetur,</span> <span class='ocrx_word' id='word_1_568' title='bbox 1499 1817 1552 1853; x_wconf 89' lang='lat' dir='ltr'>nou</span> <span class='ocrx_word' id='word_1_569' title='bbox 1581 1799 1614 1854; x_wconf 85' lang='lat' dir='ltr'>de</span> <span class='ocrx_word' id='word_1_570' title='bbox 1633 1806 1807 1865; x_wconf 86' lang='lat' dir='ltr'>executione,</span> <span class='ocrx_word' id='word_1_571' title='bbox 1827 1802 1871 1856; x_wconf 87' lang='lat' dir='ltr'>sed</span> <span class='ocrx_word' id='word_1_572' title='bbox 1892 1803 1926 1857; x_wconf 82' lang='lat' dir='ltr'>tie</span> <span class='ocrx_word' id='word_1_573' title='bbox 1944 1799 2087 1862; x_wconf 86' lang='lat' dir='ltr'>alienatione</span> 
     </span>
     <span class='ocr_line' id='line_1_75' title="bbox 1282 1885 2086 1954; baseline 0.009 -18"><span class='ocrx_word' id='word_1_574' title='bbox 1282 1885 1421 1954; x_wconf 87' lang='lat' dir='ltr'>loquetur,</span> <span class='ocrx_word' id='word_1_575' title='bbox 1441 1886 1612 1941; x_wconf 75' lang='lat' dir='ltr'>initiamenta</span> <span class='ocrx_word' id='word_1_576' title='bbox 1632 1905 1722 1941; x_wconf 87' lang='lat' dir='ltr'>eorum</span> <span class='ocrx_word' id='word_1_577' title='bbox 1742 1890 1812 1942; x_wconf 91' lang='lat' dir='ltr'>nuile</span> <span class='ocrx_word' id='word_1_578' title='bbox 1832 1901 1906 1954; x_wconf 85' lang='lat' dir='ltr'>suast,</span> <span class='ocrx_word' id='word_1_579' title='bbox 1926 1891 1993 1944; x_wconf 87' lang='lat' dir='ltr'>adde</span> <span class='ocrx_word' id='word_1_580' title='bbox 2003 1889 2086 1946; x_wconf 74' lang='lat' dir='ltr'>nmen.</span> 
     </span>
     <span class='ocr_line' id='line_1_76' title="bbox 1282 1968 2086 2045; baseline 0.009 -24"><span class='ocrx_word' id='word_1_581' title='bbox 1282 1971 1321 2022; x_wconf 81' lang='lat' dir='ltr'>ad</span> <span class='ocrx_word' id='word_1_582' title='bbox 1329 1970 1374 2023; x_wconf 77' lang='lat' dir='ltr'>ott.</span> <span class='ocrx_word' id='word_1_583' title='bbox 1396 1970 1415 2022; x_wconf 86' lang='lat' dir='ltr'>i.</span> <span class='ocrx_word' id='word_1_584' title='bbox 1432 1968 1505 2039; x_wconf 57' lang='grc' dir='ltr'>ιβ.</span> <span class='ocrx_word' id='word_1_585' title='bbox 1526 1974 1601 2042; x_wconf 78' lang='lat' dir='ltr'>qnod</span> <span class='ocrx_word' id='word_1_586' title='bbox 1617 1973 1746 2045; x_wconf 74' lang='lat' dir='ltr'>cujusque</span> <span class='ocrx_word' id='word_1_587' title='bbox 1764 1974 1878 2028; x_wconf 75' lang='lat' dir='ltr'>univers.</span> <span class='ocrx_word' id='word_1_588' title='bbox 1897 1993 1974 2028; x_wconf 81' lang='lat' dir='ltr'>noae.</span> <span class='ocrx_word' id='word_1_589' title='bbox 1990 1975 2052 2028; x_wconf 75' lang='lat' dir='ltr'>Bet.</span> <span class='ocrx_word' id='word_1_590' title='bbox 2065 1994 2086 2041; x_wconf 82' lang='lat' dir='ltr'>p.</span> 
     </span>
     <span class='ocr_line' id='line_1_77' title="bbox 1283 2053 2087 2130; baseline 0.007 -24"><span class='ocrx_word' id='word_1_591' title='bbox 1283 2064 1306 2110; x_wconf 88' lang='grc' dir='ltr'>ι.</span> <span class='ocrx_word' id='word_1_592' title='bbox 1321 2053 1377 2108; x_wconf 85' lang='lat' dir='ltr'>dee.</span> <span class='ocrx_word' id='word_1_593' title='bbox 1395 2065 1454 2106; x_wconf 82' lang='grc' dir='ltr'>ιιι.</span> <span class='ocrx_word' id='word_1_594' title='bbox 1474 2056 1519 2124; x_wconf 90' lang='lat' dir='ltr'>qui</span> <span class='ocrx_word' id='word_1_595' title='bbox 1539 2073 1588 2108; x_wconf 90' lang='lat' dir='ltr'>nec</span> <span class='ocrx_word' id='word_1_596' title='bbox 1607 2058 1740 2125; x_wconf 85' lang='lat' dir='ltr'>pupillum</span> <span class='ocrx_word' id='word_1_597' title='bbox 1761 2058 1810 2111; x_wconf 87' lang='lat' dir='ltr'>boc</span> <span class='ocrx_word' id='word_1_598' title='bbox 1830 2056 1917 2112; x_wconf 82' lang='lat' dir='ltr'>iacere</span> <span class='ocrx_word' id='word_1_599' title='bbox 1935 2077 2008 2130; x_wconf 87' lang='lat' dir='ltr'>posse</span> <span class='ocrx_word' id='word_1_600' title='bbox 2018 2059 2087 2113; x_wconf 88' lang='lat' dir='ltr'>ratio·</span> 
     </span>
     <span class='ocr_line' id='line_1_78' title="bbox 1282 2139 1795 2211; baseline 0.006 -20"><span class='ocrx_word' id='word_1_601' title='bbox 1282 2139 1363 2194; x_wconf 90' lang='lat' dir='ltr'>nibus</span> <span class='ocrx_word' id='word_1_602' title='bbox 1381 2150 1407 2196; x_wconf 89' lang='lat' dir='ltr'>et</span> <span class='ocrx_word' id='word_1_603' title='bbox 1423 2141 1540 2194; x_wconf 83' lang='lat' dir='ltr'>textibus</span> <span class='ocrx_word' id='word_1_604' title='bbox 1556 2141 1773 2211; x_wconf 81' lang='lat' dir='ltr'>jurisdeiendit.</span> <span class='ocrx_word' id='word_1_605' title='bbox 1793 2181 1795 2184; x_wconf 87' lang='lat'>-</span> 
     </span>
    </p>

    <p class='ocr_par' dir='ltr' id='par_1_13' title="bbox 1281 2225 2136 2722">
     <span class='ocr_line' id='line_1_79' title="bbox 1319 2225 2136 2296; baseline 0.004 -21"><span class='ocrx_word' id='word_1_606' title='bbox 1319 2225 1432 2296; x_wconf 78' lang='lat' dir='ltr'>Quando</span> <span class='ocrx_word' id='word_1_607' title='bbox 1450 2243 1513 2295; x_wconf 73' lang='lat' dir='ltr'>ergo</span> <span class='ocrx_word' id='word_1_608' title='bbox 1530 2225 1624 2280; x_wconf 73' lang='lat' dir='ltr'>civitas</span> <span class='ocrx_word' id='word_1_609' title='bbox 1643 2229 1807 2280; x_wconf 73' lang='lat' dir='ltr'>voluntarias</span> <span class='ocrx_word' id='word_1_610' title='bbox 1828 2227 2001 2285; x_wconf 84' lang='lat' dir='ltr'>alienationes</span> <span class='ocrx_word' id='word_1_611' title='bbox 2011 2231 2081 2284; x_wconf 88' lang='lat' dir='ltr'>adsa-</span> <span class='ocrx_word' id='word_1_612' title='bbox 2110 2235 2136 2278; x_wconf 78' lang='grc' dir='ltr'>Ιι</span> 
     </span>
     <span class='ocr_line' id='line_1_80' title="bbox 1282 2309 2085 2383; baseline 0.009 -23"><span class='ocrx_word' id='word_1_613' title='bbox 1282 2309 1468 2364; x_wconf 83' lang='lat' dir='ltr'>tisisciendunr</span> <span class='ocrx_word' id='word_1_614' title='bbox 1487 2309 1666 2364; x_wconf 84' lang='lat' dir='ltr'>creditoribus</span> <span class='ocrx_word' id='word_1_615' title='bbox 1684 2312 1740 2364; x_wconf 89' lang='lat' dir='ltr'>suis</span> <span class='ocrx_word' id='word_1_616' title='bbox 1758 2329 1810 2363; x_wconf 91' lang='lat' dir='ltr'>non</span> <span class='ocrx_word' id='word_1_617' title='bbox 1824 2312 1953 2383; x_wconf 78' lang='lat' dir='ltr'>suscipit,</span> <span class='ocrx_word' id='word_1_618' title='bbox 1969 2331 2017 2368; x_wconf 90' lang='lat' dir='ltr'>nec</span> <span class='ocrx_word' id='word_1_619' title='bbox 2033 2317 2085 2368; x_wconf 90' lang='lat' dir='ltr'>alias</span> 
     </span>
     <span class='ocr_line' id='line_1_81' title="bbox 1283 2393 2085 2457; baseline 0.007 -10"><span class='ocrx_word' id='word_1_620' title='bbox 1283 2395 1373 2448; x_wconf 87' lang='lat' dir='ltr'>debita</span> <span class='ocrx_word' id='word_1_621' title='bbox 1393 2413 1437 2448; x_wconf 91' lang='lat' dir='ltr'>sua</span> <span class='ocrx_word' id='word_1_622' title='bbox 1456 2397 1558 2448; x_wconf 83' lang='lat' dir='ltr'>soluere</span> <span class='ocrx_word' id='word_1_623' title='bbox 1578 2395 1689 2457; x_wconf 88' lang='lat' dir='ltr'>nititur,</span> <span class='ocrx_word' id='word_1_624' title='bbox 1711 2405 1781 2448; x_wconf 88' lang='lat' dir='ltr'>recte</span> <span class='ocrx_word' id='word_1_625' title='bbox 1799 2393 1840 2447; x_wconf 86' lang='lat' dir='ltr'>eia</span> <span class='ocrx_word' id='word_1_626' title='bbox 1858 2399 1995 2451; x_wconf 86' lang='lat' dir='ltr'>exeeutira</span> <span class='ocrx_word' id='word_1_627' title='bbox 2013 2400 2085 2454; x_wconf 79' lang='lat' dir='ltr'>iude</span> 
     </span>
     <span class='ocr_line' id='line_1_82' title="bbox 1283 2479 2085 2554; baseline 0.002 -24"><span class='ocrx_word' id='word_1_628' title='bbox 1283 2481 1348 2534; x_wconf 90' lang='lat' dir='ltr'>bitis</span> <span class='ocrx_word' id='word_1_629' title='bbox 1365 2480 1435 2532; x_wconf 77' lang='lat' dir='ltr'>reris</span> <span class='ocrx_word' id='word_1_630' title='bbox 1453 2491 1480 2532; x_wconf 90' lang='lat' dir='ltr'>et</span> <span class='ocrx_word' id='word_1_631' title='bbox 1498 2479 1637 2549; x_wconf 82' lang='lat' dir='ltr'>liquidatis</span> <span class='ocrx_word' id='word_1_632' title='bbox 1654 2489 1747 2533; x_wconf 85' lang='lat' dir='ltr'>contre</span> <span class='ocrx_word' id='word_1_633' title='bbox 1766 2480 1840 2532; x_wconf 85' lang='lat' dir='ltr'>illem</span> <span class='ocrx_word' id='word_1_634' title='bbox 1861 2482 1970 2551; x_wconf 88' lang='lat' dir='ltr'>procedi</span> <span class='ocrx_word' id='word_1_635' title='bbox 1994 2493 2085 2554; x_wconf 88' lang='lat' dir='ltr'>potest,</span> 
     </span>
     <span class='ocr_line' id='line_1_83' title="bbox 1281 2563 2086 2635; baseline 0.007 -21"><span class='ocrx_word' id='word_1_636' title='bbox 1281 2563 1318 2619; x_wconf 92' lang='lat' dir='ltr'>ita</span> <span class='ocrx_word' id='word_1_637' title='bbox 1336 2572 1367 2616; x_wconf 91' lang='lat' dir='ltr'>nt</span> <span class='ocrx_word' id='word_1_638' title='bbox 1385 2563 1568 2615; x_wconf 87' lang='lat' dir='ltr'>immissiones</span> <span class='ocrx_word' id='word_1_639' title='bbox 1589 2571 1640 2614; x_wconf 87' lang='lat' dir='ltr'>tem</span> <span class='ocrx_word' id='word_1_640' title='bbox 1660 2581 1691 2616; x_wconf 85' lang='grc' dir='ltr'>ιι</span> <span class='ocrx_word' id='word_1_641' title='bbox 1710 2563 1800 2634; x_wconf 90' lang='lat' dir='ltr'>primo</span> <span class='ocrx_word' id='word_1_642' title='bbox 1822 2581 1902 2635; x_wconf 85' lang='lat' dir='ltr'>quam</span> <span class='ocrx_word' id='word_1_643' title='bbox 1929 2568 2036 2622; x_wconf 86' lang='lat' dir='ltr'>seeundo</span> <span class='ocrx_word' id='word_1_644' title='bbox 2050 2568 2086 2620; x_wconf 80' lang='lat' dir='ltr'>tle·</span> 
     </span>
     <span class='ocr_line' id='line_1_84' title="bbox 1283 2647 2085 2722; baseline 0.004 -21"><span class='ocrx_word' id='word_1_645' title='bbox 1283 2657 1370 2714; x_wconf 88' lang='lat' dir='ltr'>creto,</span> <span class='ocrx_word' id='word_1_646' title='bbox 1389 2648 1460 2719; x_wconf 89' lang='lat' dir='ltr'>quod</span> <span class='ocrx_word' id='word_1_647' title='bbox 1479 2649 1554 2700; x_wconf 89' lang='lat' dir='ltr'>boue·</span> <span class='ocrx_word' id='word_1_648' title='bbox 1567 2647 1668 2700; x_wconf 80' lang='lat' dir='ltr'>addicit</span> <span class='ocrx_word' id='word_1_649' title='bbox 1679 2657 1706 2700; x_wconf 89' lang='lat' dir='ltr'>et</span> <span class='ocrx_word' id='word_1_650' title='bbox 1722 2647 1871 2702; x_wconf 90' lang='lat' dir='ltr'>dominium</span> <span class='ocrx_word' id='word_1_651' title='bbox 1885 2665 1973 2704; x_wconf 83' lang='grc' dir='ltr'>ιιιιω</span> <span class='ocrx_word' id='word_1_652' title='bbox 1987 2651 2085 2722; x_wconf 87' lang='lat' dir='ltr'>prsebet,</span> 
     </span>
    </p>

    <p class='ocr_par' dir='ltr' id='par_1_14' title="bbox 1275 2729 2131 5002">
     <span class='ocr_line' id='line_1_85' title="bbox 1282 2729 2085 2803; baseline 0.001 -16"><span class='ocrx_word' id='word_1_653' title='bbox 1282 2735 1302 2787; x_wconf 92' lang='lat' dir='ltr'>l.</span> <span class='ocrx_word' id='word_1_654' title='bbox 1318 2745 1358 2785; x_wconf 86' lang='lat' dir='ltr'>ss.</span> <span class='ocrx_word' id='word_1_655' title='bbox 1372 2729 1394 2803; x_wconf 72' lang='lat'>5.</span> <span class='ocrx_word' id='word_1_656' title='bbox 1414 2730 1542 2801; x_wconf 77' lang='lat' dir='ltr'>taffde</span> <span class='ocrx_word' id='word_1_657' title='bbox 1555 2731 1648 2786; x_wconf 84' lang='lat' dir='ltr'>damn.</span> <span class='ocrx_word' id='word_1_658' title='bbox 1662 2729 1746 2801; x_wconf 71' lang='lat' dir='ltr'>instes</span> <span class='ocrx_word' id='word_1_659' title='bbox 1770 2731 1857 2784; x_wconf 75' lang='lat' dir='ltr'>strue.</span> <span class='ocrx_word' id='word_1_660' title='bbox 1878 2751 1924 2786; x_wconf 73' lang='lat' dir='ltr'>ee.</span> <span class='ocrx_word' id='word_1_661' title='bbox 1946 2743 1987 2789; x_wconf 83' lang='grc' dir='ltr'>ιι.</span> <span class='ocrx_word' id='word_1_662' title='bbox 2004 2735 2036 2786; x_wconf 81' lang='grc' dir='ltr'>ιιι</span> <span class='ocrx_word' id='word_1_663' title='bbox 2055 2747 2085 2788; x_wconf 90' lang='grc' dir='ltr'>ιι.</span> 
     </span>
     <span class='ocr_line' id='line_1_86' title="bbox 1282 2815 2086 2894; baseline -0.001 -22"><span class='ocrx_word' id='word_1_664' title='bbox 1282 2829 1375 2872; x_wconf 89' lang='lat' dir='ltr'>contra</span> <span class='ocrx_word' id='word_1_665' title='bbox 1394 2817 1466 2872; x_wconf 83' lang='lat' dir='ltr'>illam</span> <span class='ocrx_word' id='word_1_666' title='bbox 1485 2819 1556 2887; x_wconf 83' lang='lat' dir='ltr'>iuste</span> <span class='ocrx_word' id='word_1_667' title='bbox 1575 2815 1773 2881; x_wconf 83' lang='lat' dir='ltr'>decernantur,</span> <span class='ocrx_word' id='word_1_668' title='bbox 1796 2837 1875 2884; x_wconf 89' lang='lat' dir='ltr'>curn,</span> <span class='ocrx_word' id='word_1_669' title='bbox 1902 2821 1941 2874; x_wconf 91' lang='lat' dir='ltr'>nti</span> <span class='ocrx_word' id='word_1_670' title='bbox 1968 2835 2037 2894; x_wconf 87' lang='lat' dir='ltr'>supra</span> <span class='ocrx_word' id='word_1_671' title='bbox 2053 2821 2086 2872; x_wconf 80' lang='lat' dir='ltr'>tli-</span> 
     </span>
     <span class='ocr_line' id='line_1_87' title="bbox 1281 2901 2086 2972; baseline 0 -14"><span class='ocrx_word' id='word_1_672' title='bbox 1281 2915 1371 2969; x_wconf 84' lang='lat' dir='ltr'>ctum,</span> <span class='ocrx_word' id='word_1_673' title='bbox 1389 2902 1487 2955; x_wconf 90' lang='lat' dir='ltr'>nullibi</span> <span class='ocrx_word' id='word_1_674' title='bbox 1507 2905 1565 2970; x_wconf 82' lang='lat' dir='ltr'>jure</span> <span class='ocrx_word' id='word_1_675' title='bbox 1583 2912 1672 2956; x_wconf 88' lang='lat' dir='ltr'>nostro</span> <span class='ocrx_word' id='word_1_676' title='bbox 1685 2901 1813 2954; x_wconf 82' lang='lat' dir='ltr'>traditum</span> <span class='ocrx_word' id='word_1_677' title='bbox 1827 2903 2086 2972; x_wconf 86' lang='lat' dir='ltr'>reperiatur,eirits·</span> 
     </span>
     <span class='ocr_line' id='line_1_88' title="bbox 1283 2986 2087 3056; baseline 0.009 -17"><span class='ocrx_word' id='word_1_678' title='bbox 1283 2997 1322 3041; x_wconf 90' lang='lat' dir='ltr'>tes</span> <span class='ocrx_word' id='word_1_679' title='bbox 1339 2987 1394 3040; x_wconf 91' lang='lat' dir='ltr'>alio</span> <span class='ocrx_word' id='word_1_680' title='bbox 1413 2989 1472 3056; x_wconf 82' lang='lat' dir='ltr'>inre</span> <span class='ocrx_word' id='word_1_681' title='bbox 1492 2987 1530 3039; x_wconf 87' lang='lat' dir='ltr'>eei</span> <span class='ocrx_word' id='word_1_682' title='bbox 1551 2986 1710 3053; x_wconf 82' lang='lat' dir='ltr'>judiciorum</span> <span class='ocrx_word' id='word_1_683' title='bbox 1734 2987 1829 3040; x_wconf 90' lang='lat' dir='ltr'>ordine</span> <span class='ocrx_word' id='word_1_684' title='bbox 1853 2989 1986 3044; x_wconf 87' lang='lat' dir='ltr'>aestimari</span> <span class='ocrx_word' id='word_1_685' title='bbox 2009 2990 2087 3046; x_wconf 81' lang='lat' dir='ltr'>debers</span> 
     </span>
     <span class='ocr_line' id='line_1_89' title="bbox 1279 3069 2130 3144; baseline 0.006 -22"><span class='ocrx_word' id='word_1_686' title='bbox 1279 3087 1358 3140; x_wconf 68' lang='lat' dir='ltr'>meatu</span> <span class='ocrx_word' id='word_1_687' title='bbox 1374 3071 1498 3142; x_wconf 80' lang='lat' dir='ltr'>prierius.</span> <span class='ocrx_word' id='word_1_688' title='bbox 1511 3070 1580 3121; x_wconf 90' lang='lat' dir='ltr'>iilud</span> <span class='ocrx_word' id='word_1_689' title='bbox 1599 3081 1686 3123; x_wconf 85' lang='grc' dir='ltr'>ιιιιιιι</span> <span class='ocrx_word' id='word_1_690' title='bbox 1699 3070 1743 3120; x_wconf 87' lang='lat' dir='ltr'>bic</span> <span class='ocrx_word' id='word_1_691' title='bbox 1756 3069 1915 3133; x_wconf 69' lang='lat' dir='ltr'>seeundum,</span> <span class='ocrx_word' id='word_1_692' title='bbox 1929 3073 2008 3142; x_wconf 88' lang='lat' dir='ltr'>quod,</span> <span class='ocrx_word' id='word_1_693' title='bbox 2019 3091 2086 3144; x_wconf 87' lang='lat' dir='ltr'>quen·</span> <span class='ocrx_word' id='word_1_694' title='bbox 2112 3073 2130 3112; x_wconf 76' lang='lat'>‘¹</span> 
     </span>
     <span class='ocr_line' id='line_1_90' title="bbox 1281 3152 2086 3212; baseline 0.007 -5"><span class='ocrx_word' id='word_1_695' title='bbox 1281 3156 1315 3210; x_wconf 85' lang='lat' dir='ltr'>alo</span> <span class='ocrx_word' id='word_1_696' title='bbox 1333 3156 1506 3208; x_wconf 87' lang='lat' dir='ltr'>executiones</span> <span class='ocrx_word' id='word_1_697' title='bbox 1525 3164 1554 3207; x_wconf 91' lang='lat' dir='ltr'>et</span> <span class='ocrx_word' id='word_1_698' title='bbox 1573 3152 1741 3208; x_wconf 87' lang='lat' dir='ltr'>addictiones</span> <span class='ocrx_word' id='word_1_699' title='bbox 1760 3165 1847 3208; x_wconf 88' lang='lat' dir='ltr'>eontra</span> <span class='ocrx_word' id='word_1_700' title='bbox 1860 3155 1983 3212; x_wconf 78' lang='lat' dir='ltr'>ciuitates</span> <span class='ocrx_word' id='word_1_701' title='bbox 2000 3169 2025 3212; x_wconf 91' lang='lat' dir='ltr'>et</span> <span class='ocrx_word' id='word_1_702' title='bbox 2041 3175 2086 3212; x_wconf 92' lang='lat' dir='ltr'>res·</span> 
     </span>
     <span class='ocr_line' id='line_1_91' title="bbox 1279 3234 2085 3312; baseline 0.002 -20"><span class='ocrx_word' id='word_1_703' title='bbox 1279 3239 1398 3312; x_wconf 83' lang='lat' dir='ltr'>publicas</span> <span class='ocrx_word' id='word_1_704' title='bbox 1416 3234 1619 3305; x_wconf 87' lang='lat' dir='ltr'>suscipiuntur,</span> <span class='ocrx_word' id='word_1_705' title='bbox 1639 3253 1691 3290; x_wconf 90' lang='lat' dir='ltr'>non</span> <span class='ocrx_word' id='word_1_706' title='bbox 1711 3237 1747 3289; x_wconf 92' lang='lat' dir='ltr'>ita</span> <span class='ocrx_word' id='word_1_707' title='bbox 1762 3237 1823 3290; x_wconf 87' lang='lat' dir='ltr'>illae</span> <span class='ocrx_word' id='word_1_708' title='bbox 1835 3240 1888 3294; x_wconf 90' lang='lat' dir='ltr'>sint</span> <span class='ocrx_word' id='word_1_709' title='bbox 1908 3241 2085 3305; x_wconf 86' lang='lat' dir='ltr'>excutiendae,</span> 
     </span>
     <span class='ocr_line' id='line_1_92' title="bbox 1279 3320 2086 3390; baseline 0.002 -12"><span class='ocrx_word' id='word_1_710' title='bbox 1279 3335 1308 3378; x_wconf 91' lang='lat' dir='ltr'>nt</span> <span class='ocrx_word' id='word_1_711' title='bbox 1326 3339 1381 3377; x_wconf 87' lang='lat' dir='ltr'>nnn</span> <span class='ocrx_word' id='word_1_712' title='bbox 1398 3323 1533 3382; x_wconf 81' lang='lat' dir='ltr'>residuum</span> <span class='ocrx_word' id='word_1_713' title='bbox 1550 3321 1658 3390; x_wconf 83' lang='lat' dir='ltr'>aliquod</span> <span class='ocrx_word' id='word_1_714' title='bbox 1679 3332 1827 3375; x_wconf 74' lang='lat' dir='ltr'>reservetur</span> <span class='ocrx_word' id='word_1_715' title='bbox 1839 3325 1867 3375; x_wconf 89' lang='lat' dir='ltr'>iu</span> <span class='ocrx_word' id='word_1_716' title='bbox 1882 3320 1949 3376; x_wconf 86' lang='lat' dir='ltr'>iisoc</span> <span class='ocrx_word' id='word_1_717' title='bbox 1967 3329 2004 3380; x_wconf 83' lang='lat' dir='ltr'>rel</span> <span class='ocrx_word' id='word_1_718' title='bbox 2021 3327 2086 3380; x_wconf 82' lang='lat' dir='ltr'>banse</span> 
     </span>
     <span class='ocr_line' id='line_1_93' title="bbox 1278 3401 2085 3476; baseline 0.006 -15"><span class='ocrx_word' id='word_1_719' title='bbox 1278 3407 1414 3462; x_wconf 74' lang='lat' dir='ltr'>commun</span> <span class='ocrx_word' id='word_1_720' title='bbox 1434 3422 1485 3475; x_wconf 90' lang='lat' dir='ltr'>pro</span> <span class='ocrx_word' id='word_1_721' title='bbox 1503 3401 1601 3456; x_wconf 79' lang='lat' dir='ltr'>trituris</span> <span class='ocrx_word' id='word_1_722' title='bbox 1625 3405 1800 3460; x_wconf 89' lang='lat' dir='ltr'>occurrentiie</span> <span class='ocrx_word' id='word_1_723' title='bbox 1824 3416 1853 3459; x_wconf 89' lang='lat' dir='ltr'>et</span> <span class='ocrx_word' id='word_1_724' title='bbox 1876 3410 2085 3476; x_wconf 84' lang='lat' dir='ltr'>necessitatibus,</span> 
     </span>
     <span class='ocr_line' id='line_1_94' title="bbox 1278 3491 2086 3566; baseline 0.004 -20"><span class='ocrx_word' id='word_1_725' title='bbox 1278 3491 1434 3565; x_wconf 86' lang='lat' dir='ltr'>praesertim</span> <span class='ocrx_word' id='word_1_726' title='bbox 1454 3505 1515 3542; x_wconf 81' lang='lat' dir='ltr'>sero</span> <span class='ocrx_word' id='word_1_727' title='bbox 1533 3506 1581 3559; x_wconf 92' lang='lat' dir='ltr'>pro</span> <span class='ocrx_word' id='word_1_728' title='bbox 1600 3491 1729 3559; x_wconf 88' lang='lat' dir='ltr'>operibns</span> <span class='ocrx_word' id='word_1_729' title='bbox 1752 3491 1887 3560; x_wconf 81' lang='lat' dir='ltr'>publicis,</span> <span class='ocrx_word' id='word_1_730' title='bbox 1909 3514 1932 3548; x_wconf 89' lang='grc' dir='ltr'>ι.</span> <span class='ocrx_word' id='word_1_731' title='bbox 1951 3513 1975 3564; x_wconf 73' lang='lat' dir='ltr'>g.</span> <span class='ocrx_word' id='word_1_732' title='bbox 1993 3514 2039 3566; x_wconf 87' lang='lat' dir='ltr'>pro</span> <span class='ocrx_word' id='word_1_733' title='bbox 2054 3513 2086 3548; x_wconf 90' lang='lat' dir='ltr'>re·</span> 
     </span>
     <span class='ocr_line' id='line_1_95' title="bbox 1279 3571 2086 3650; baseline 0.007 -19"><span class='ocrx_word' id='word_1_734' title='bbox 1279 3577 1407 3650; x_wconf 85' lang='lat' dir='ltr'>parandis</span> <span class='ocrx_word' id='word_1_735' title='bbox 1425 3574 1581 3638; x_wconf 88' lang='lat' dir='ltr'>moenibus,</span> <span class='ocrx_word' id='word_1_736' title='bbox 1600 3571 1910 3647; x_wconf 88' lang='lat' dir='ltr'>reiiciendispontibns,</span> <span class='ocrx_word' id='word_1_737' title='bbox 1930 3583 2086 3648; x_wconf 84' lang='lat' dir='ltr'>eiis‚stratis</span> 
     </span>
     <span class='ocr_line' id='line_1_96' title="bbox 1280 3658 2085 3736; baseline 0.005 -20"><span class='ocrx_word' id='word_1_738' title='bbox 1280 3664 1389 3734; x_wconf 85' lang='lat' dir='ltr'>plateis,</span> <span class='ocrx_word' id='word_1_739' title='bbox 1407 3658 1586 3722; x_wconf 89' lang='lat' dir='ltr'>molendinis,</span> <span class='ocrx_word' id='word_1_740' title='bbox 1606 3659 1746 3724; x_wconf 88' lang='lat' dir='ltr'>cisternis,</span> <span class='ocrx_word' id='word_1_741' title='bbox 1767 3663 1870 3732; x_wconf 86' lang='lat' dir='ltr'>puteis,</span> <span class='ocrx_word' id='word_1_742' title='bbox 1889 3667 2009 3736; x_wconf 84' lang='lat' dir='ltr'>equegiis</span> <span class='ocrx_word' id='word_1_743' title='bbox 2024 3681 2045 3722; x_wconf 91' lang='lat' dir='ltr'>et</span> <span class='ocrx_word' id='word_1_744' title='bbox 2058 3671 2085 3721; x_wconf 86' lang='lat' dir='ltr'>si·</span> 
     </span>
     <span class='ocr_line' id='line_1_97' title="bbox 1279 3744 2086 3813; baseline 0.004 -15"><span class='ocrx_word' id='word_1_745' title='bbox 1279 3747 1412 3811; x_wconf 86' lang='lat' dir='ltr'>milibus,</span> <span class='ocrx_word' id='word_1_746' title='bbox 1436 3745 1502 3795; x_wconf 88' lang='lat' dir='ltr'>item</span> <span class='ocrx_word' id='word_1_747' title='bbox 1521 3761 1570 3813; x_wconf 90' lang='lat' dir='ltr'>pro</span> <span class='ocrx_word' id='word_1_748' title='bbox 1590 3744 1733 3813; x_wconf 87' lang='lat' dir='ltr'>stipendiis</span> <span class='ocrx_word' id='word_1_749' title='bbox 1750 3755 1778 3798; x_wconf 89' lang='lat' dir='ltr'>el</span> <span class='ocrx_word' id='word_1_750' title='bbox 1795 3747 1901 3802; x_wconf 88' lang='lat' dir='ltr'>salariis</span> <span class='ocrx_word' id='word_1_751' title='bbox 1926 3750 2086 3804; x_wconf 85' lang='lat' dir='ltr'>decernendis</span> 
     </span>
     <span class='ocr_line' id='line_1_98' title="bbox 1279 3827 2086 3907; baseline 0.014 -29"><span class='ocrx_word' id='word_1_752' title='bbox 1279 3830 1460 3900; x_wconf 70' lang='lat' dir='ltr'>magistrum,</span> <span class='ocrx_word' id='word_1_753' title='bbox 1473 3827 1599 3900; x_wconf 78' lang='lat' dir='ltr'>syndico,</span> <span class='ocrx_word' id='word_1_754' title='bbox 1617 3830 1800 3895; x_wconf 88' lang='lat' dir='ltr'>senatoribus,</span> <span class='ocrx_word' id='word_1_755' title='bbox 1814 3833 1878 3887; x_wconf 87' lang='lat' dir='ltr'>item</span> <span class='ocrx_word' id='word_1_756' title='bbox 1893 3839 2086 3907; x_wconf 80' lang='lat' dir='ltr'>archigramma-</span> 
     </span>
     <span class='ocr_line' id='line_1_99' title="bbox 1282 3915 2087 3982; baseline 0.001 -11"><span class='ocrx_word' id='word_1_757' title='bbox 1282 3926 1339 3971; x_wconf 84' lang='lat' dir='ltr'>teeo</span> <span class='ocrx_word' id='word_1_758' title='bbox 1348 3929 1373 3970; x_wconf 89' lang='lat' dir='ltr'>et</span> <span class='ocrx_word' id='word_1_759' title='bbox 1385 3915 1498 3979; x_wconf 87' lang='lat' dir='ltr'>scribis,</span> <span class='ocrx_word' id='word_1_760' title='bbox 1513 3915 1590 3982; x_wconf 71' lang='lat' dir='ltr'>uulgo</span> <span class='ocrx_word' id='word_1_761' title='bbox 1599 3915 1690 3968; x_wconf 83' lang='lat' dir='ltr'>denen</span> <span class='ocrx_word' id='word_1_762' title='bbox 1703 3915 1899 3971; x_wconf 62' lang='lat' dir='ltr'>&amp;risile-und</span> <span class='ocrx_word' id='word_1_763' title='bbox 1909 3921 2087 3976; x_wconf 71' lang='lat' dir='ltr'>dicerit-Scletri-</span> 
     </span>
     <span class='ocr_line' id='line_1_100' title="bbox 1280 3999 2130 4074; baseline 0.002 -17"><span class='ocrx_word' id='word_1_764' title='bbox 1280 4005 1363 4066; x_wconf 74' lang='lat' dir='ltr'>dem,</span> <span class='ocrx_word' id='word_1_765' title='bbox 1382 3999 1538 4052; x_wconf 82' lang='lat' dir='ltr'>architectis</span> <span class='ocrx_word' id='word_1_766' title='bbox 1556 4009 1583 4052; x_wconf 90' lang='lat' dir='ltr'>et</span> <span class='ocrx_word' id='word_1_767' title='bbox 1602 4000 1739 4055; x_wconf 88' lang='lat' dir='ltr'>ministris</span> <span class='ocrx_word' id='word_1_768' title='bbox 1758 4001 1887 4071; x_wconf 83' lang='lat' dir='ltr'>publicis:</span> <span class='ocrx_word' id='word_1_769' title='bbox 1906 4008 1983 4074; x_wconf 80' lang='lat' dir='ltr'>cujus</span> <span class='ocrx_word' id='word_1_770' title='bbox 2000 4008 2035 4060; x_wconf 90' lang='lat' dir='ltr'>rei</span> <span class='ocrx_word' id='word_1_771' title='bbox 2052 4025 2085 4059; x_wconf 90' lang='lat' dir='ltr'>ra·</span> <span class='ocrx_word' id='word_1_772' title='bbox 2111 4007 2130 4045; x_wconf 63' lang='grc' dir='ltr'>ιι</span> 
     </span>
     <span class='ocr_line' id='line_1_101' title="bbox 1278 4085 2084 4157; baseline 0.009 -18"><span class='ocrx_word' id='word_1_773' title='bbox 1278 4092 1315 4146; x_wconf 76' lang='lat' dir='ltr'>eto</span> <span class='ocrx_word' id='word_1_774' title='bbox 1333 4097 1388 4148; x_wconf 88' lang='lat' dir='ltr'>est,</span> <span class='ocrx_word' id='word_1_775' title='bbox 1406 4088 1477 4156; x_wconf 86' lang='lat' dir='ltr'>qood</span> <span class='ocrx_word' id='word_1_776' title='bbox 1498 4086 1531 4138; x_wconf 91' lang='lat' dir='ltr'>eb</span> <span class='ocrx_word' id='word_1_777' title='bbox 1550 4085 1593 4139; x_wconf 91' lang='lat' dir='ltr'>bis</span> <span class='ocrx_word' id='word_1_778' title='bbox 1612 4086 1726 4157; x_wconf 77' lang='lat' dir='ltr'>pendeat</span> <span class='ocrx_word' id='word_1_779' title='bbox 1738 4089 1941 4145; x_wconf 79' lang='lat' dir='ltr'>sairiseisitatis</span> <span class='ocrx_word' id='word_1_780' title='bbox 1958 4105 1983 4148; x_wconf 86' lang='lat' dir='ltr'>et</span> <span class='ocrx_word' id='word_1_781' title='bbox 2000 4094 2084 4147; x_wconf 83' lang='grc' dir='ltr'>ιιιιιιιι</span> 
     </span>
     <span class='ocr_line' id='line_1_102' title="bbox 1279 4157 2084 4247; baseline 0.005 -23"><span class='ocrx_word' id='word_1_782' title='bbox 1279 4174 1430 4247; x_wconf 83' lang='lat' dir='ltr'>publicum,</span> <span class='ocrx_word' id='word_1_783' title='bbox 1449 4169 1518 4240; x_wconf 88' lang='lat' dir='ltr'>qood</span> <span class='ocrx_word' id='word_1_784' title='bbox 1537 4157 1706 4240; x_wconf 73' lang='lat' dir='ltr'>priuatorum</span> <span class='ocrx_word' id='word_1_785' title='bbox 1720 4173 1815 4224; x_wconf 86' lang='lat' dir='ltr'>merito</span> <span class='ocrx_word' id='word_1_786' title='bbox 1827 4175 1976 4230; x_wconf 87' lang='lat' dir='ltr'>actionibus</span> <span class='ocrx_word' id='word_1_787' title='bbox 1993 4188 2019 4231; x_wconf 90' lang='lat' dir='ltr'>et</span> <span class='ocrx_word' id='word_1_788' title='bbox 2034 4195 2084 4230; x_wconf 86' lang='grc' dir='ltr'>ιιι·</span> 
     </span>
     <span class='ocr_line' id='line_1_103' title="bbox 1278 4253 2083 4330; baseline -0.001 -15"><span class='ocrx_word' id='word_1_789' title='bbox 1278 4256 1414 4314; x_wconf 76' lang='lat' dir='ltr'>ottonibus</span> <span class='ocrx_word' id='word_1_790' title='bbox 1432 4253 1636 4326; x_wconf 78' lang='lat' dir='ltr'>praeferentium</span> <span class='ocrx_word' id='word_1_791' title='bbox 1656 4265 1718 4318; x_wconf 86' lang='grc' dir='ltr'>ιιι,</span> <span class='ocrx_word' id='word_1_792' title='bbox 1743 4275 1799 4324; x_wconf 79' lang='lat' dir='ltr'>urg.</span> <span class='ocrx_word' id='word_1_793' title='bbox 1818 4259 1893 4312; x_wconf 81' lang='lat' dir='ltr'>oretis.</span> <span class='ocrx_word' id='word_1_794' title='bbox 1912 4279 1964 4315; x_wconf 82' lang='lat' dir='ltr'>res·</span> <span class='ocrx_word' id='word_1_795' title='bbox 1981 4281 2052 4330; x_wconf 78' lang='lat' dir='ltr'>quoe.</span> <span class='ocrx_word' id='word_1_796' title='bbox 2066 4281 2083 4314; x_wconf 88' lang='lat' dir='ltr'>e.</span> 
     </span>
     <span class='ocr_line' id='line_1_104' title="bbox 1277 4338 2083 4413; baseline 0.006 -18"><span class='ocrx_word' id='word_1_797' title='bbox 1277 4359 1416 4399; x_wconf 83' lang='lat' dir='ltr'>commun.</span> <span class='ocrx_word' id='word_1_798' title='bbox 1436 4343 1468 4393; x_wconf 82' lang='lat' dir='ltr'>tie</span> <span class='ocrx_word' id='word_1_799' title='bbox 1485 4339 1565 4408; x_wconf 71' lang='lat' dir='ltr'>leget.</span> <span class='ocrx_word' id='word_1_800' title='bbox 1584 4341 1602 4390; x_wconf 88' lang='lat' dir='ltr'>l.</span> <span class='ocrx_word' id='word_1_801' title='bbox 1623 4351 1645 4390; x_wconf 91' lang='lat' dir='ltr'>t.</span> <span class='ocrx_word' id='word_1_802' title='bbox 1654 4338 1741 4408; x_wconf 75' lang='lat' dir='ltr'>ffnri</span> <span class='ocrx_word' id='word_1_803' title='bbox 1753 4340 1880 4406; x_wconf 79' lang='lat' dir='ltr'>municip.</span> <span class='ocrx_word' id='word_1_804' title='bbox 1893 4343 1912 4396; x_wconf 84' lang='lat' dir='ltr'>l.</span> <span class='ocrx_word' id='word_1_805' title='bbox 1927 4357 1951 4396; x_wconf 82' lang='lat' dir='ltr'>s.</span> <span class='ocrx_word' id='word_1_806' title='bbox 1963 4363 1986 4398; x_wconf 87' lang='lat' dir='ltr'>c.</span> <span class='ocrx_word' id='word_1_807' title='bbox 1997 4347 2029 4399; x_wconf 84' lang='lat' dir='ltr'>eie</span> <span class='ocrx_word' id='word_1_808' title='bbox 2041 4343 2083 4413; x_wconf 75' lang='lat' dir='ltr'>off·</span> 
     </span>
     <span class='ocr_line' id='line_1_105' title="bbox 1278 4425 2086 4501; baseline -0.004 -15"><span class='ocrx_word' id='word_1_809' title='bbox 1278 4444 1374 4486; x_wconf 72' lang='lat' dir='ltr'>metor.</span> <span class='ocrx_word' id='word_1_810' title='bbox 1384 4427 1512 4497; x_wconf 82' lang='lat' dir='ltr'>provinc.</span> <span class='ocrx_word' id='word_1_811' title='bbox 1526 4425 1544 4476; x_wconf 89' lang='lat' dir='ltr'>i.</span> <span class='ocrx_word' id='word_1_812' title='bbox 1561 4436 1601 4478; x_wconf 90' lang='lat' dir='ltr'>tt.</span> <span class='ocrx_word' id='word_1_813' title='bbox 1615 4427 1639 4491; x_wconf 71' lang='grc' dir='ltr'>ς.</span> <span class='ocrx_word' id='word_1_814' title='bbox 1661 4434 1700 4476; x_wconf 87' lang='grc' dir='ltr'>ιι.</span> <span class='ocrx_word' id='word_1_815' title='bbox 1718 4441 1741 4478; x_wconf 88' lang='lat' dir='ltr'>c.</span> <span class='ocrx_word' id='word_1_816' title='bbox 1759 4427 1867 4480; x_wconf 79' lang='lat' dir='ltr'>decad.</span> <span class='ocrx_word' id='word_1_817' title='bbox 1881 4429 1940 4482; x_wconf 89' lang='lat' dir='ltr'>toil.</span> <span class='ocrx_word' id='word_1_818' title='bbox 1951 4431 2036 4485; x_wconf 77' lang='lat' dir='ltr'>Meos.</span> <span class='ocrx_word' id='word_1_819' title='bbox 2044 4449 2086 4501; x_wconf 86' lang='lat' dir='ltr'>po·</span> 
     </span>
     <span class='ocr_line' id='line_1_106' title="bbox 1277 4509 2084 4581; baseline -0.001 -16"><span class='ocrx_word' id='word_1_820' title='bbox 1277 4514 1373 4572; x_wconf 74' lang='lat' dir='ltr'>erocim</span> <span class='ocrx_word' id='word_1_821' title='bbox 1398 4509 1477 4564; x_wconf 79' lang='lat' dir='ltr'>detti.</span> <span class='ocrx_word' id='word_1_822' title='bbox 1504 4510 1620 4578; x_wconf 82' lang='lat' dir='ltr'>depenp.</span> <span class='ocrx_word' id='word_1_823' title='bbox 1648 4509 1739 4562; x_wconf 78' lang='lat' dir='ltr'>decad.</span> <span class='ocrx_word' id='word_1_824' title='bbox 1769 4521 1792 4560; x_wconf 88' lang='grc' dir='ltr'>ι.</span> <span class='ocrx_word' id='word_1_825' title='bbox 1818 4521 1923 4581; x_wconf 80' lang='lat' dir='ltr'>qtsoest.</span> <span class='ocrx_word' id='word_1_826' title='bbox 1945 4523 1968 4564; x_wconf 91' lang='grc' dir='ltr'>ι.</span> <span class='ocrx_word' id='word_1_827' title='bbox 1992 4531 2018 4566; x_wconf 88' lang='grc' dir='ltr'>ιι.</span> <span class='ocrx_word' id='word_1_828' title='bbox 2037 4525 2084 4566; x_wconf 84' lang='grc' dir='ltr'>ιιι.</span> 
     </span>
     <span class='ocr_line' id='line_1_107' title="bbox 1276 4592 2086 4672; baseline -0.009 -16"><span class='ocrx_word' id='word_1_829' title='bbox 1276 4599 1401 4672; x_wconf 78' lang='lat' dir='ltr'>Carpum.</span> <span class='ocrx_word' id='word_1_830' title='bbox 1419 4596 1489 4667; x_wconf 69' lang='lat' dir='ltr'>essi.</span> <span class='ocrx_word' id='word_1_831' title='bbox 1507 4592 1623 4648; x_wconf 83' lang='lat' dir='ltr'>debitor.</span> <span class='ocrx_word' id='word_1_832' title='bbox 1644 4611 1667 4646; x_wconf 88' lang='lat' dir='ltr'>e.</span> <span class='ocrx_word' id='word_1_833' title='bbox 1688 4605 1713 4645; x_wconf 90' lang='grc' dir='ltr'>ι.</span> <span class='ocrx_word' id='word_1_834' title='bbox 1732 4594 1771 4647; x_wconf 84' lang='lat' dir='ltr'>tle.</span> <span class='ocrx_word' id='word_1_835' title='bbox 1792 4604 1831 4646; x_wconf 86' lang='grc' dir='ltr'>ιι.</span> <span class='ocrx_word' id='word_1_836' title='bbox 1852 4615 1879 4647; x_wconf 85' lang='lat' dir='ltr'>n.</span> <span class='ocrx_word' id='word_1_837' title='bbox 1900 4609 1961 4651; x_wconf 88' lang='grc' dir='ltr'>ιιι,</span> <span class='ocrx_word' id='word_1_838' title='bbox 1980 4597 2086 4652; x_wconf 85' lang='lat' dir='ltr'>Bruuue·</span> 
     </span>
     <span class='ocr_line' id='line_1_108' title="bbox 1277 4677 2131 4751; baseline -0.005 -13"><span class='ocrx_word' id='word_1_839' title='bbox 1277 4699 1367 4738; x_wconf 86' lang='lat' dir='ltr'>mane.</span> <span class='ocrx_word' id='word_1_840' title='bbox 1378 4691 1447 4736; x_wconf 86' lang='lat' dir='ltr'>cent.</span> <span class='ocrx_word' id='word_1_841' title='bbox 1467 4689 1491 4733; x_wconf 90' lang='grc' dir='ltr'>ι.</span> <span class='ocrx_word' id='word_1_842' title='bbox 1511 4679 1638 4732; x_wconf 68' lang='lat' dir='ltr'>deciens.</span> <span class='ocrx_word' id='word_1_843' title='bbox 1651 4677 1778 4747; x_wconf 75' lang='lat' dir='ltr'>Quemvis</span> <span class='ocrx_word' id='word_1_844' title='bbox 1801 4679 1873 4731; x_wconf 88' lang='lat' dir='ltr'>enim</span> <span class='ocrx_word' id='word_1_845' title='bbox 1888 4699 2014 4751; x_wconf 85' lang='lat' dir='ltr'>personne</span> <span class='ocrx_word' id='word_1_846' title='bbox 2028 4684 2085 4751; x_wconf 85' lang='lat' dir='ltr'>ejus·</span> <span class='ocrx_word' id='word_1_847' title='bbox 2112 4687 2131 4724; x_wconf 69' lang='grc' dir='ltr'>ιι</span> 
     </span>
     <span class='ocr_line' id='line_1_109' title="bbox 1277 4761 2083 4837; baseline -0.005 -17"><span class='ocrx_word' id='word_1_848' title='bbox 1277 4767 1349 4820; x_wconf 90' lang='lat' dir='ltr'>medi</span> <span class='ocrx_word' id='word_1_849' title='bbox 1367 4764 1488 4837; x_wconf 83' lang='lat' dir='ltr'>publicae</span> <span class='ocrx_word' id='word_1_850' title='bbox 1499 4762 1618 4833; x_wconf 88' lang='lat' dir='ltr'>propriis</span> <span class='ocrx_word' id='word_1_851' title='bbox 1630 4763 1696 4814; x_wconf 91' lang='lat' dir='ltr'>olim</span> <span class='ocrx_word' id='word_1_852' title='bbox 1711 4761 1852 4830; x_wconf 90' lang='lat' dir='ltr'>stipendiis</span> <span class='ocrx_word' id='word_1_853' title='bbox 1866 4763 2026 4831; x_wconf 85' lang='lat' dir='ltr'>reipublicae</span> <span class='ocrx_word' id='word_1_854' title='bbox 2037 4781 2083 4817; x_wconf 90' lang='lat' dir='ltr'>mu·</span> 
     </span>
     <span class='ocr_line' id='line_1_110' title="bbox 1276 4847 2084 4910; baseline -0.007 -4"><span class='ocrx_word' id='word_1_855' title='bbox 1276 4867 1338 4907; x_wconf 87' lang='lat' dir='ltr'>nera</span> <span class='ocrx_word' id='word_1_856' title='bbox 1349 4850 1474 4909; x_wconf 87' lang='lat' dir='ltr'>obierint,</span> <span class='ocrx_word' id='word_1_857' title='bbox 1484 4847 1768 4900; x_wconf 82' lang='lat' dir='ltr'>ettamenOctarinnus</span> <span class='ocrx_word' id='word_1_858' title='bbox 1780 4863 1876 4910; x_wconf 88' lang='lat' dir='ltr'>caesar,</span> <span class='ocrx_word' id='word_1_859' title='bbox 1890 4848 2015 4906; x_wconf 86' lang='lat' dir='ltr'>suadente</span> <span class='ocrx_word' id='word_1_860' title='bbox 2025 4865 2084 4902; x_wconf 85' lang='lat' dir='ltr'>noe·</span> 
     </span>
     <span class='ocr_line' id='line_1_111' title="bbox 1275 4930 2082 5002; baseline -0.01 -13"><span class='ocrx_word' id='word_1_861' title='bbox 1275 4932 1505 4998; x_wconf 88' lang='lat' dir='ltr'>eeuate,omninm</span> <span class='ocrx_word' id='word_1_862' title='bbox 1519 4933 1622 5002; x_wconf 84' lang='lat' dir='ltr'>primus</span> <span class='ocrx_word' id='word_1_863' title='bbox 1632 4930 1726 4984; x_wconf 88' lang='lat' dir='ltr'>salarie</span> <span class='ocrx_word' id='word_1_864' title='bbox 1738 4947 1771 4984; x_wconf 88' lang='lat' dir='ltr'>ex</span> <span class='ocrx_word' id='word_1_865' title='bbox 1784 4931 1886 4984; x_wconf 90' lang='lat' dir='ltr'>aerario</span> <span class='ocrx_word' id='word_1_866' title='bbox 1900 4933 2082 5002; x_wconf 75' lang='lat' dir='ltr'>magistratibus</span> 
     </span>
    </p>
   </div>
   <div class='ocr_carea' id='block_1_11' title="bbox 397 5013 2087 5686">
    <p class='ocr_par' dir='ltr' id='par_1_15' title="bbox 397 5013 2087 5597">
     <span class='ocr_line' id='line_1_112' title="bbox 400 5013 2085 5092; baseline -0.002 -24"><span class='ocrx_word' id='word_1_867' title='bbox 400 5033 468 5086; x_wconf 88' lang='lat' dir='ltr'>quae</span> <span class='ocrx_word' id='word_1_868' title='bbox 487 5015 593 5086; x_wconf 82' lang='lat' dir='ltr'>pignori</span> <span class='ocrx_word' id='word_1_869' title='bbox 612 5015 676 5070; x_wconf 87' lang='lat' dir='ltr'>dere</span> <span class='ocrx_word' id='word_1_870' title='bbox 693 5015 795 5087; x_wconf 85' lang='lat' dir='ltr'>possit,</span> <span class='ocrx_word' id='word_1_871' title='bbox 808 5031 861 5069; x_wconf 90' lang='lat' dir='ltr'>nou</span> <span class='ocrx_word' id='word_1_872' title='bbox 874 5014 951 5068; x_wconf 83' lang='lat' dir='ltr'>iecile</span> <span class='ocrx_word' id='word_1_873' title='bbox 963 5015 1101 5092; x_wconf 83' lang='lat' dir='ltr'>pecuniam</span> <span class='ocrx_word' id='word_1_874' title='bbox 1113 5027 1225 5074; x_wconf 87' lang='lat' dir='ltr'>autere-</span> <span class='ocrx_word' id='word_1_875' title='bbox 1274 5019 1425 5082; x_wconf 89' lang='lat' dir='ltr'>constituit,</span> <span class='ocrx_word' id='word_1_876' title='bbox 1442 5029 1499 5073; x_wconf 83' lang='lat' dir='ltr'>tuns</span> <span class='ocrx_word' id='word_1_877' title='bbox 1512 5016 1634 5069; x_wconf 88' lang='lat' dir='ltr'>laborum</span> <span class='ocrx_word' id='word_1_878' title='bbox 1658 5023 1714 5068; x_wconf 86' lang='lat' dir='ltr'>tum</span> <span class='ocrx_word' id='word_1_879' title='bbox 1731 5013 1871 5082; x_wconf 73' lang='lat' dir='ltr'>dignitatis</span> <span class='ocrx_word' id='word_1_880' title='bbox 1882 5017 2085 5081; x_wconf 85' lang='lat' dir='ltr'>nornine,llion.</span> 
     </span>
     <span class='ocr_line' id='line_1_113' title="bbox 401 5099 2084 5171; baseline -0.002 -20"><span class='ocrx_word' id='word_1_881' title='bbox 401 5099 504 5154; x_wconf 85' lang='lat' dir='ltr'>dilores</span> <span class='ocrx_word' id='word_1_882' title='bbox 522 5099 648 5156; x_wconf 82' lang='lat' dir='ltr'>inveniet·</span> <span class='ocrx_word' id='word_1_883' title='bbox 667 5101 791 5171; x_wconf 85' lang='lat' dir='ltr'>Qualiter</span> <span class='ocrx_word' id='word_1_884' title='bbox 808 5107 896 5154; x_wconf 87' lang='lat' dir='ltr'>autem</span> <span class='ocrx_word' id='word_1_885' title='bbox 920 5101 1047 5154; x_wconf 88' lang='lat' dir='ltr'>collectae</span> <span class='ocrx_word' id='word_1_886' title='bbox 1062 5101 1192 5170; x_wconf 87' lang='lat' dir='ltr'>ejusmodi</span> <span class='ocrx_word' id='word_1_887' title='bbox 1211 5123 1226 5158; x_wconf 93' lang='lat' dir='ltr'>a</span> <span class='ocrx_word' id='word_1_888' title='bbox 1275 5109 1351 5162; x_wconf 89' lang='lat' dir='ltr'>Cass.</span> <span class='ocrx_word' id='word_1_889' title='bbox 1369 5106 1388 5158; x_wconf 91' lang='lat' dir='ltr'>l.</span> <span class='ocrx_word' id='word_1_890' title='bbox 1409 5117 1450 5157; x_wconf 88' lang='lat' dir='ltr'>ts.</span> <span class='ocrx_word' id='word_1_891' title='bbox 1468 5102 1562 5156; x_wconf 80' lang='lat' dir='ltr'>lristor.</span> <span class='ocrx_word' id='word_1_892' title='bbox 1576 5117 1646 5155; x_wconf 82' lang='lat' dir='ltr'>rom.</span> <span class='ocrx_word' id='word_1_893' title='bbox 1661 5101 1791 5154; x_wconf 77' lang='lat' dir='ltr'>Perenr&#39;n</span> <span class='ocrx_word' id='word_1_894' title='bbox 1808 5119 1831 5154; x_wconf 88' lang='lat' dir='ltr'>e.</span> <span class='ocrx_word' id='word_1_895' title='bbox 1851 5100 1889 5152; x_wconf 84' lang='lat' dir='ltr'>tir.</span> <span class='ocrx_word' id='word_1_896' title='bbox 1903 5099 1938 5156; x_wconf 70' lang='lat' dir='ltr'>ds</span> <span class='ocrx_word' id='word_1_897' title='bbox 1948 5103 2035 5168; x_wconf 70' lang='lat' dir='ltr'>praet.</span> <span class='ocrx_word' id='word_1_898' title='bbox 2046 5117 2084 5154; x_wconf 76' lang='lat' dir='ltr'>ea·</span> 
     </span>
     <span class='ocr_line' id='line_1_114' title="bbox 400 5183 2082 5257; baseline -0.001 -19"><span class='ocrx_word' id='word_1_899' title='bbox 400 5183 508 5244; x_wconf 84' lang='lat' dir='ltr'>eisitete</span> <span class='ocrx_word' id='word_1_900' title='bbox 527 5185 715 5256; x_wconf 87' lang='lat' dir='ltr'>imponentur,</span> <span class='ocrx_word' id='word_1_901' title='bbox 734 5197 821 5240; x_wconf 86' lang='grc' dir='ltr'>ιιιιιιιι</span> <span class='ocrx_word' id='word_1_902' title='bbox 834 5201 871 5238; x_wconf 82' lang='grc' dir='ltr'>ιι.</span> <span class='ocrx_word' id='word_1_903' title='bbox 888 5202 938 5255; x_wconf 89' lang='lat' dir='ltr'>per</span> <span class='ocrx_word' id='word_1_904' title='bbox 948 5185 1062 5239; x_wconf 89' lang='lat' dir='ltr'>solidum</span> <span class='ocrx_word' id='word_1_905' title='bbox 1081 5195 1110 5240; x_wconf 88' lang='lat' dir='ltr'>et</span> <span class='ocrx_word' id='word_1_906' title='bbox 1127 5187 1223 5240; x_wconf 87' lang='lat' dir='ltr'>libram</span> <span class='ocrx_word' id='word_1_907' title='bbox 1274 5193 1326 5246; x_wconf 82' lang='lat' dir='ltr'>lor.</span> <span class='ocrx_word' id='word_1_908' title='bbox 1340 5210 1368 5245; x_wconf 90' lang='lat' dir='ltr'>n.</span> <span class='ocrx_word' id='word_1_909' title='bbox 1383 5200 1406 5243; x_wconf 90' lang='grc' dir='ltr'>ι.</span> <span class='ocrx_word' id='word_1_910' title='bbox 1425 5199 1455 5242; x_wconf 87' lang='lat' dir='ltr'>ut</span> <span class='ocrx_word' id='word_1_911' title='bbox 1472 5188 1512 5242; x_wconf 90' lang='lat' dir='ltr'>sic</span> <span class='ocrx_word' id='word_1_912' title='bbox 1531 5203 1609 5257; x_wconf 86' lang='lat' dir='ltr'>puras</span> <span class='ocrx_word' id='word_1_913' title='bbox 1627 5194 1656 5239; x_wconf 88' lang='lat' dir='ltr'>et</span> <span class='ocrx_word' id='word_1_914' title='bbox 1674 5185 1731 5238; x_wconf 86' lang='lat' dir='ltr'>Dec</span> <span class='ocrx_word' id='word_1_915' title='bbox 1749 5195 1777 5237; x_wconf 92' lang='lat' dir='ltr'>et</span> <span class='ocrx_word' id='word_1_916' title='bbox 1802 5185 1919 5255; x_wconf 88' lang='lat' dir='ltr'>principi</span> <span class='ocrx_word' id='word_1_917' title='bbox 1941 5197 1968 5240; x_wconf 86' lang='lat' dir='ltr'>et</span> <span class='ocrx_word' id='word_1_918' title='bbox 1983 5187 2030 5254; x_wconf 75' lang='lat' dir='ltr'>legi</span> <span class='ocrx_word' id='word_1_919' title='bbox 2047 5203 2082 5237; x_wconf 88' lang='lat' dir='ltr'>cu-</span> 
     </span>
     <span class='ocr_line' id='line_1_115' title="bbox 397 5267 2087 5342; baseline -0.005 -16"><span class='ocrx_word' id='word_1_920' title='bbox 397 5273 449 5326; x_wconf 88' lang='lat' dir='ltr'>boc</span> <span class='ocrx_word' id='word_1_921' title='bbox 466 5279 522 5337; x_wconf 87' lang='lat' dir='ltr'>est,</span> <span class='ocrx_word' id='word_1_922' title='bbox 540 5287 589 5342; x_wconf 87' lang='lat' dir='ltr'>pro</span> <span class='ocrx_word' id='word_1_923' title='bbox 607 5270 731 5326; x_wconf 76' lang='lat' dir='ltr'>facultate</span> <span class='ocrx_word' id='word_1_924' title='bbox 749 5270 904 5341; x_wconf 72' lang='lat' dir='ltr'>patrimonii</span> <span class='ocrx_word' id='word_1_925' title='bbox 923 5279 951 5322; x_wconf 90' lang='lat' dir='ltr'>et</span> <span class='ocrx_word' id='word_1_926' title='bbox 969 5269 1047 5324; x_wconf 89' lang='lat' dir='ltr'>modo</span> <span class='ocrx_word' id='word_1_927' title='bbox 1060 5271 1225 5326; x_wconf 88' lang='lat' dir='ltr'>substantiae</span> <span class='ocrx_word' id='word_1_928' title='bbox 1274 5271 1387 5330; x_wconf 87' lang='lat' dir='ltr'>studiant</span> <span class='ocrx_word' id='word_1_929' title='bbox 1405 5287 1523 5334; x_wconf 89' lang='lat' dir='ltr'>manue,</span> <span class='ocrx_word' id='word_1_930' title='bbox 1549 5269 1657 5324; x_wconf 88' lang='lat' dir='ltr'>dicente</span> <span class='ocrx_word' id='word_1_931' title='bbox 1672 5267 1818 5336; x_wconf 85' lang='lat' dir='ltr'>justinieno</span> <span class='ocrx_word' id='word_1_932' title='bbox 1837 5281 1931 5324; x_wconf 90' lang='lat' dir='ltr'>nostro</span> <span class='ocrx_word' id='word_1_933' title='bbox 1948 5271 1977 5324; x_wconf 88' lang='lat' dir='ltr'>in</span> <span class='ocrx_word' id='word_1_934' title='bbox 1995 5267 2087 5326; x_wconf 73' lang='lat' dir='ltr'>novell,</span> 
     </span>
     <span class='ocr_line' id='line_1_116' title="bbox 399 5353 2084 5428; baseline -0.003 -15"><span class='ocrx_word' id='word_1_935' title='bbox 399 5359 540 5425; x_wconf 84' lang='lat' dir='ltr'>cujusque,</span> <span class='ocrx_word' id='word_1_936' title='bbox 557 5373 590 5410; x_wconf 88' lang='lat' dir='ltr'>au</span> <span class='ocrx_word' id='word_1_937' title='bbox 607 5370 669 5412; x_wconf 85' lang='lat' dir='ltr'>sero</span> <span class='ocrx_word' id='word_1_938' title='bbox 686 5371 735 5428; x_wconf 87' lang='lat' dir='ltr'>per</span> <span class='ocrx_word' id='word_1_939' title='bbox 746 5356 833 5426; x_wconf 86' lang='lat' dir='ltr'>capita</span> <span class='ocrx_word' id='word_1_940' title='bbox 847 5372 1037 5428; x_wconf 85' lang='lat' dir='ltr'>personarum,</span> <span class='ocrx_word' id='word_1_941' title='bbox 1056 5355 1105 5410; x_wconf 91' lang='lat' dir='ltr'>boc</span> <span class='ocrx_word' id='word_1_942' title='bbox 1123 5367 1165 5410; x_wconf 89' lang='grc' dir='ltr'>ιιι</span> <span class='ocrx_word' id='word_1_943' title='bbox 1176 5373 1225 5428; x_wconf 87' lang='lat' dir='ltr'>pro</span> <span class='ocrx_word' id='word_1_944' title='bbox 1275 5369 1318 5412; x_wconf 83' lang='grc' dir='ltr'>ιι.</span> <span class='ocrx_word' id='word_1_945' title='bbox 1330 5379 1353 5412; x_wconf 86' lang='lat' dir='ltr'>e.</span> <span class='ocrx_word' id='word_1_946' title='bbox 1367 5371 1392 5412; x_wconf 86' lang='lat' dir='ltr'>s.</span> <span class='ocrx_word' id='word_1_947' title='bbox 1406 5355 1495 5428; x_wconf 78' lang='lat' dir='ltr'>infin.</span> <span class='ocrx_word' id='word_1_948' title='bbox 1508 5353 1720 5426; x_wconf 78' lang='lat' dir='ltr'>confends&#39;spot.</span> <span class='ocrx_word' id='word_1_949' title='bbox 1734 5355 1887 5423; x_wconf 75' lang='lat' dir='ltr'>inaugural-</span> <span class='ocrx_word' id='word_1_950' title='bbox 1903 5355 1962 5409; x_wconf 86' lang='lat' dir='ltr'>dni.</span> <span class='ocrx_word' id='word_1_951' title='bbox 1969 5357 2084 5410; x_wconf 80' lang='lat' dir='ltr'>Hermen·</span> 
     </span>
     <span class='ocr_line' id='line_1_117' title="bbox 400 5437 2082 5515; baseline -0.004 -19"><span class='ocrx_word' id='word_1_952' title='bbox 400 5441 476 5496; x_wconf 84' lang='lat' dir='ltr'>airiii</span> <span class='ocrx_word' id='word_1_953' title='bbox 495 5451 587 5514; x_wconf 89' lang='lat' dir='ltr'>perte,</span> <span class='ocrx_word' id='word_1_954' title='bbox 608 5440 642 5496; x_wconf 86' lang='lat' dir='ltr'>de</span> <span class='ocrx_word' id='word_1_955' title='bbox 659 5459 690 5496; x_wconf 86' lang='lat' dir='ltr'>eo</span> <span class='ocrx_word' id='word_1_956' title='bbox 708 5440 793 5496; x_wconf 83' lang='lat' dir='ltr'>sideri</span> <span class='ocrx_word' id='word_1_957' title='bbox 817 5449 907 5515; x_wconf 83' lang='lat' dir='ltr'>potest</span> <span class='ocrx_word' id='word_1_958' title='bbox 923 5441 993 5495; x_wconf 67' lang='lat' dir='ltr'>Petri</span> <span class='ocrx_word' id='word_1_959' title='bbox 1018 5439 1052 5493; x_wconf 90' lang='lat' dir='ltr'>de</span> <span class='ocrx_word' id='word_1_960' title='bbox 1075 5440 1172 5496; x_wconf 85' lang='lat' dir='ltr'>libaid.</span> <span class='ocrx_word' id='word_1_961' title='bbox 1191 5443 1225 5497; x_wconf 82' lang='lat' dir='ltr'>ale</span> <span class='ocrx_word' id='word_1_962' title='bbox 1275 5445 1304 5496; x_wconf 87' lang='lat' dir='ltr'>ni</span> <span class='ocrx_word' id='word_1_963' title='bbox 1323 5443 1477 5504; x_wconf 81' lang='lat' dir='ltr'>schereder,</span> <span class='ocrx_word' id='word_1_964' title='bbox 1490 5443 1508 5508; x_wconf 80' lang='lat' dir='ltr'>j.</span> <span class='ocrx_word' id='word_1_965' title='bbox 1519 5459 1545 5494; x_wconf 88' lang='lat' dir='ltr'>o.</span> <span class='ocrx_word' id='word_1_966' title='bbox 1558 5441 1584 5492; x_wconf 89' lang='lat' dir='ltr'>d.</span> <span class='ocrx_word' id='word_1_967' title='bbox 1598 5437 1765 5492; x_wconf 87' lang='lat' dir='ltr'>serenissimi</span> <span class='ocrx_word' id='word_1_968' title='bbox 1779 5447 1857 5508; x_wconf 87' lang='lat' dir='ltr'>etque</span> <span class='ocrx_word' id='word_1_969' title='bbox 1871 5441 2007 5510; x_wconf 78' lang='lat' dir='ltr'>potentiss.</span> <span class='ocrx_word' id='word_1_970' title='bbox 2019 5441 2082 5493; x_wconf 83' lang='lat' dir='ltr'>elect.</span> 
     </span>
     <span class='ocr_line' id='line_1_118' title="bbox 401 5521 2081 5597; baseline -0.007 -15"><span class='ocrx_word' id='word_1_971' title='bbox 401 5529 506 5582; x_wconf 86' lang='lat' dir='ltr'>collect.</span> <span class='ocrx_word' id='word_1_972' title='bbox 520 5547 547 5582; x_wconf 89' lang='lat' dir='ltr'>re.</span> <span class='ocrx_word' id='word_1_973' title='bbox 562 5541 587 5581; x_wconf 81' lang='lat' dir='ltr'>s·</span> <span class='ocrx_word' id='word_1_974' title='bbox 601 5541 627 5582; x_wconf 81' lang='lat' dir='ltr'>s·</span> <span class='ocrx_word' id='word_1_975' title='bbox 641 5527 754 5584; x_wconf 77' lang='lat' dir='ltr'>Inseeue</span> <span class='ocrx_word' id='word_1_976' title='bbox 766 5526 874 5596; x_wconf 76' lang='lat' dir='ltr'>saeptae</span> <span class='ocrx_word' id='word_1_977' title='bbox 885 5528 929 5580; x_wconf 82' lang='lat' dir='ltr'>ull.</span> <span class='ocrx_word' id='word_1_978' title='bbox 943 5535 1024 5580; x_wconf 79' lang='lat' dir='ltr'>tract.</span> <span class='ocrx_word' id='word_1_979' title='bbox 1035 5545 1060 5579; x_wconf 85' lang='lat' dir='ltr'>c.</span> <span class='ocrx_word' id='word_1_980' title='bbox 1072 5539 1097 5579; x_wconf 86' lang='lat' dir='ltr'>s.</span> <span class='ocrx_word' id='word_1_981' title='bbox 1109 5545 1137 5581; x_wconf 86' lang='grc' dir='ltr'>ιι.</span> <span class='ocrx_word' id='word_1_982' title='bbox 1155 5538 1195 5582; x_wconf 87' lang='grc' dir='ltr'>ιι.</span> <span class='ocrx_word' id='word_1_983' title='bbox 1273 5527 1467 5597; x_wconf 82' lang='lat' dir='ltr'>brandenburg.</span> <span class='ocrx_word' id='word_1_984' title='bbox 1483 5528 1516 5579; x_wconf 88' lang='lat' dir='ltr'>in</span> <span class='ocrx_word' id='word_1_985' title='bbox 1535 5521 1671 5580; x_wconf 74' lang='lat' dir='ltr'>electorali</span> <span class='ocrx_word' id='word_1_986' title='bbox 1684 5523 1840 5576; x_wconf 70' lang='lat' dir='ltr'>iinmerania</span> <span class='ocrx_word' id='word_1_987' title='bbox 1853 5525 2002 5580; x_wconf 85' lang='lat' dir='ltr'>consiliarii</span> <span class='ocrx_word' id='word_1_988' title='bbox 2014 5521 2081 5576; x_wconf 87' lang='lat' dir='ltr'>aulici</span> 
     </span>
    </p>

    <p class='ocr_par' dir='ltr' id='par_1_16' title="bbox 437 5605 2082 5686">
     <span class='ocr_line' id='line_1_119' title="bbox 437 5605 2082 5686; baseline -0.002 -20"><span class='ocrx_word' id='word_1_989' title='bbox 437 5614 521 5684; x_wconf 81' lang='lat' dir='ltr'>Supra</span> <span class='ocrx_word' id='word_1_990' title='bbox 543 5615 724 5680; x_wconf 85' lang='lat' dir='ltr'>dictumest,</span> <span class='ocrx_word' id='word_1_991' title='bbox 747 5613 818 5686; x_wconf 87' lang='lat' dir='ltr'>quod</span> <span class='ocrx_word' id='word_1_992' title='bbox 841 5611 968 5678; x_wconf 74' lang='lat' dir='ltr'>nimina,</span> <span class='ocrx_word' id='word_1_993' title='bbox 986 5611 1089 5684; x_wconf 65' lang='lat' dir='ltr'>mando</span> <span class='ocrx_word' id='word_1_994' title='bbox 1105 5611 1224 5679; x_wconf 88' lang='lat' dir='ltr'>edsuut,</span> <span class='ocrx_word' id='word_1_995' title='bbox 1275 5623 1303 5667; x_wconf 90' lang='lat' dir='ltr'>et</span> <span class='ocrx_word' id='word_1_996' title='bbox 1328 5611 1481 5666; x_wconf 83' lang='lat' dir='ltr'>consistorii</span> <span class='ocrx_word' id='word_1_997' title='bbox 1511 5607 1675 5669; x_wconf 78' lang='lat' dir='ltr'>assessoris,</span> <span class='ocrx_word' id='word_1_998' title='bbox 1699 5605 1793 5660; x_wconf 76' lang='lat' dir='ltr'>tratrts</span> <span class='ocrx_word' id='word_1_999' title='bbox 1816 5608 2034 5672; x_wconf 80' lang='lat' dir='ltr'>honoratissimi,</span> <span class='ocrx_word' id='word_1_1000' title='bbox 2055 5608 2082 5662; x_wconf 80' lang='lat' dir='ltr'>te</span> 
     </span>
    </p>
   </div>
   <div class='ocr_carea' id='block_1_12' title="bbox 330 5689 2128 5875">
    <p class='ocr_par' dir='ltr' id='par_1_17' title="bbox 330 5689 2128 5875">
     <span class='ocr_line' id='line_1_120' title="bbox 330 5689 2128 5799; baseline -0.007 -43"><span class='ocrx_word' id='word_1_1001' title='bbox 330 5707 361 5769; x_wconf 75' lang='grc' dir='ltr'>ιι</span> <span class='ocrx_word' id='word_1_1002' title='bbox 400 5705 475 5778; x_wconf 86' lang='lat' dir='ltr'>prius</span> <span class='ocrx_word' id='word_1_1003' title='bbox 495 5704 565 5775; x_wconf 74' lang='lat' dir='ltr'>erigi</span> <span class='ocrx_word' id='word_1_1004' title='bbox 593 5701 631 5755; x_wconf 85' lang='lat' dir='ltr'>rel</span> <span class='ocrx_word' id='word_1_1005' title='bbox 658 5700 741 5756; x_wconf 87' lang='lat' dir='ltr'>etiem</span> <span class='ocrx_word' id='word_1_1006' title='bbox 767 5700 844 5756; x_wconf 82' lang='lat' dir='ltr'>rendi</span> <span class='ocrx_word' id='word_1_1007' title='bbox 873 5699 1005 5767; x_wconf 86' lang='lat' dir='ltr'>debeant,</span> <span class='ocrx_word' id='word_1_1008' title='bbox 1032 5707 1169 5770; x_wconf 73' lang='lat' dir='ltr'>antequem</span> <span class='ocrx_word' id='word_1_1009' title='bbox 1191 5697 1223 5756; x_wconf 80' lang='lat' dir='ltr'>eei</span> <span class='ocrx_word' id='word_1_1010' title='bbox 1275 5697 1386 5751; x_wconf 79' lang='lat' dir='ltr'>solariis</span> <span class='ocrx_word' id='word_1_1011' title='bbox 1403 5696 1542 5768; x_wconf 69' lang='lat' dir='ltr'>Tiliingoe</span> <span class='ocrx_word' id='word_1_1012' title='bbox 1560 5694 1654 5748; x_wconf 76' lang='lat' dir='ltr'>taetra</span> <span class='ocrx_word' id='word_1_1013' title='bbox 1679 5694 1793 5748; x_wconf 61' lang='lat' dir='ltr'>camb.</span> <span class='ocrx_word' id='word_1_1014' title='bbox 1824 5703 1862 5746; x_wconf 86' lang='lat' dir='ltr'>ts.</span> <span class='ocrx_word' id='word_1_1015' title='bbox 1892 5689 2084 5799; x_wconf 72' lang='grc' dir='ltr'>ΙιιιιιιιιιιιιιιΙ</span> <span class='ocrx_word' id='word_1_1016' title='bbox 2109 5693 2128 5736; x_wconf 86' lang='lat' dir='ltr'>st</span> 
     </span>
     <span class='ocr_line' id='line_1_121' title="bbox 2015 5826 2028 5875; baseline 0 0"><span class='ocrx_word' id='word_1_1017' title='bbox 2015 5826 2028 5875; x_wconf 85' lang='lat' dir='ltr'>i</span> 
     </span>
    </p>
   </div>
   <div class='ocr_carea' id='block_1_13' title="bbox 0 0 2214 6263">
    <p class='ocr_par' dir='ltr' id='par_1_18' title="bbox 0 0 2214 6263">
     <span class='ocr_line' id='line_1_122' title="bbox 0 0 2214 6263; baseline 0 0"><span class='ocrx_word' id='word_1_1018' title='bbox 0 0 2214 6263; x_wconf 95' lang='lat' dir='ltr'> </span> 
     </span>
    </p>
   </div>
  </div>
 </body>
</html>
