4396 6286
410 283 463 335 nod
809 276 816 292 ⁶
970 285 1158 343 DISPUTAT.
1176 285 1226 339 IV.
1245 286 1361 348 citur
1380 293 1428 347 ttt.
1930 301 1983 364 ιιι

352 395 404 450 qno
422 398 482 434 caen
500 380 631 454 optimum
651 380 718 447 erit,
737 393 883 438 curatorem
902 381 927 434 ei
952 383 1062 454 adjungi
1088 386 1105 437 l.
1141 396 1166 437 ι.
1216 399 1268 440 rnt.
1286 390 1433 443 cohabitat.
1453 389 1490 442 eli.
1511 400 1553 442 ιι.
1574 388 1698 444 liam-ln
1725 389 1812 444 nobili
1839 391 1956 447 nimiam
1982 410 2035 447 sae·
2070 407 2103 448 ιι
2138 440 2144 451 ,

343 465 386 535 ff.
406 467 465 520 eod.
482 470 596 522 interest
608 469 681 522 enirn
695 471 733 522 sic
745 470 1010 540 alterius,sanguini
1038 471 1165 524 honorem
1216 473 1302 526 niente
1320 474 1349 526 in
1369 474 1493 527 msticos:
1516 485 1624 530 namet
1647 475 1710 527 huic
1734 477 1768 527 ad
1795 485 1898 529 certum
1926 484 2033 547 lempna

353 550 443 605 haberi
462 561 489 604 et
505 563 663 622 agnatorum
682 553 767 606 iamne
785 553 910 607 omnibus
930 553 1017 607 modis
1037 553 1120 628 perci.
1216 573 1278 610 unu
1295 557 1493 627 jurisdictionis
1512 559 1721 612 interdicemlns.
1741 559 1794 611 lin.
1815 557 1974 612 Brunnem·
1998 561 2038 614 ed

282 657 312 698 aa
388 636 471 689 Porro
489 635 560 693 dicta
578 639 794 710 proceduntnon
812 639 898 691 solum
912 638 941 691 in
955 639 1077 712 personis
1095 655 1167 692 aecn-
1216 640 1234 691 l.
1255 640 1330 709 eff.
1349 640 1815 716 delris,quieuiaelnlien.‹1'ur.
1835 661 1864 696 ιι.
1887 645 2033 709 mitem.

349 720 464 786 laribus,
484 721 530 776 sed
548 723 629 777 etiam
647 721 858 786 ecclesiasticis3
878 741 940 776 nam
960 733 987 777 et
1006 723 1074 788 hae,
1093 725 1116 776 si
1135 724 1166 777 in
1219 736 1243 776 ι.
1261 725 1317 778 dec·
1337 739 1378 779 so.
1398 743 1426 778 ιι.
1446 740 1470 780 ι.
1489 727 1530 781 tta
1548 727 1572 780 ei
1591 728 1651 796 quis
1670 727 1941 794 anutsnar·jureatlas
1956 728 2035 782 licito
2072 734 2102 774 ιι

348 802 440 858 oliicio
458 804 638 875 deliquerint,
656 806 762 862 etiamsi
783 808 902 861 nondum
917 805 1165 862 fuerintooniessee
1216 828 1239 862 e.
1257 825 1293 880 gr.
1312 810 1477 876 venationis,
1496 810 1556 864 ideo
1574 810 1607 862 ed
1627 823 1731 880 tempus
1749 808 1876 879 suspendi
1897 811 1980 864 solet:
1994 811 2032 862 si-

348 901 392 944 eut
410 893 560 955 convictae,
578 909 614 946 ex
632 891 742 945 indiciis
761 902 848 944 tameo
868 891 993 962 suspendi
1013 892 1047 944 ab
1071 889 1164 944 cilicio
1214 903 1258 946 cut
1276 902 1304 946 et
1321 894 1461 947 advocatus
1479 904 1524 948 aut
1540 895 1610 948 alins
1622 893 1744 957 rixosus,
1757 895 1804 964 qui
1821 893 1938 964 linguam
1953 895 2031 948 elire-

348 987 468 1046 possunt,
488 985 575 1048 utpote
593 978 616 1030 si
635 978 676 1030 rel
695 978 724 1028 ln
743 975 881 1030 doctrinae
901 977 1084 1031 sinceritatem
1104 995 1165 1048 pec·
1213 995 1274 1032 nem
1292 994 1459 1049 compescere
1477 979 1585 1050 nequit,
1604 977 1650 1032 sed
1669 980 1735 1032 alios
1760 979 1890 1034 conviciis
1916 982 2030 1045 laceret,

347 1060 1161 1124 caverint,relinmoralemeuthnmanamecclesiesticam
1213 1070 1243 1114 ut
1262 1062 1407 1116 modestiae
1425 1063 1544 1128 studeat,
1567 1064 1659 1118 teon.
1678 1065 1696 1116 1.
1713 1064 1864 1118 ².dec.tt.
1879 1083 1907 1118 n.
1923 1077 1963 1120 to.
1979 1067 2031 1118 dot
2071 1053 2102 1094 ²⁹

347 1151 441 1217 legem,
455 1148 500 1200 rln.
511 1147 573 1200 lob.
588 1149 676 1201 Sittter
694 1147 728 1200 de
739 1145 819 1199 aerii
829 1145 920 1198 diuini
932 1145 1046 1200 ministr.
1060 1165 1082 1200 c.
1097 1161 1121 1198 ι.
1136 1165 1162 1202 n.
1211 1146 1266 1216 qni,
1289 1147 1408 1215 neglecto
1427 1147 1528 1213 judicis
1550 1149 1689 1213 mandato,
1725 1148 1832 1220 pauperi
1859 1149 2033 1221 patrocinium

351 1244 390 1284 ιι.
409 1232 539 1304 Quinimo
557 1231 663 1284 facilius
682 1232 881 1302 suspenduntur
894 1231 1002 1298 clerici,
1022 1248 1100 1302 quam
1113 1231 1162 1282 lai·
1213 1231 1338 1300 denegat,
1358 1231 1419 1284 ideo
1436 1231 1470 1283 ab
1487 1228 1581 1284 otficto
1598 1232 1712 1285 interim
1732 1232 1858 1302 suspendi
1881 1241 1977 1303 potest,
1994 1233 2030 1285 ets

345 1313 424 1383 ci,e't
443 1335 475 1370 ex
494 1314 637 1370 levioribus
657 1315 737 1368 etiam
757 1313 1087 1386 indiciis,depositioncm
1109 1333 1161 1368 non
1209 1313 1390 1368 obedientiam
1410 1313 1581 1386 denegatam,
1600 1325 1627 1368 et
1645 1316 1707 1386 qnia
1725 1325 1858 1388 peccatm
1882 1317 1948 1369 hand
1974 1318 2032 1371 leee

346 1403 436 1455 statim
452 1401 742 1470 merentibus,deqrro
755 1399 856 1453 dictum
870 1398 899 1454 in
912 1417 954 1472 pr.
968 1400 994 1455 t.
1008 1417 1070 1468 cap·
1083 1399 1159 1468 Quod
1210 1399 1366 1465 committit,
1384 1398 1429 1470 qni
1449 1399 1609 1470 pauperibus
1632 1417 1688 1454 non
1717 1411 1810 1471 serapte
1827 1401 1960 1454 subvenit.
1981 1401 2033 1456 Co·

345 1503 398 1538 eron
419 1497 471 1538 tam
492 1485 653 1556 suspicione,
670 1504 748 1556 quam
767 1485 883 1539 crimine
902 1503 994 1539 carere
1011 1486 1071 1538 illos
1084 1501 1161 1555 opor·
1210 1498 1314 1536 varrus.
1329 1499 1371 1552 pr.
1389 1493 1492 1552 quaest.
1504 1501 1534 1536 c.
1554 1497 1577 1536 ι.
1597 1503 1624 1536 n.
1646 1495 1671 1536 t.
1689 1483 1768 1539 Geni.
1787 1484 1806 1537 l.
1825 1484 2029 1554 procidendum.

343 1578 404 1634 teat,
418 1568 544 1637 Carpaor·
554 1567 582 1620 in
592 1566 708 1637 jurispr.
719 1567 783 1621 eccl.
797 1568 814 1620 l.
829 1579 852 1620 ι.
863 1565 921 1637 def.
938 1578 997 1621 ιιι.
1010 1585 1035 1618 ιι.
1053 1581 1076 1620 ι.
1090 1581 1161 1637 seqq.
1212 1578 1238 1619 t.
1252 1585 1276 1620 c.
1294 1566 1327 1620 de
1342 1567 1441 1634 portui.
1459 1567 1586 1638 Reliquas
1610 1585 1722 1634 mareas,
1740 1585 1776 1622 ne
1792 1569 1876 1623 nimis
1893 1571 1943 1623 hoe
1953 1581 2034 1642 captet

345 1665 372 1707 et
391 1655 413 1706 si
436 1654 552 1706 tusonto
565 1653 594 1708 in
607 1653 741 1723 epiemcr.
755 1652 783 1706 in
798 1653 917 1706 oration.
930 1649 1010 1706 iidem
1024 1652 1161 1718 habemus,
1208 1661 1355 1714 excrescat,
1375 1651 1517 1721 prudentis
1538 1652 1635 1720 judicis
1654 1653 1769 1706 arbitrio
1795 1656 1950 1718 committer
1978 1657 2027 1706 hes

345 1740 449 1812 prolum
469 1739 746 1809 distent,suspcctum
761 1755 835 1803 esse,
849 1753 960 1807 vereque
974 1755 1056 1791 rcum.
1070 1739 1159 1792 Seme.
1210 1747 1315 1811 preeter
1332 1755 1413 1809 supra
1432 1737 1518 1795 dictas
1534 1739 1652 1810 exempli
1679 1739 1736 1793 loco
1754 1739 1799 1794 hic
1813 1740 1957 1793 adduxisse
1973 1739 2031 1793 eni·

344 1825 408 1878 dise.
422 1824 529 1877 crimin.
547 1834 586 1876 tt.
599 1824 635 1875 tle.
650 1835 673 1874 ι.
688 1821 779 1892 infin.
797 1822 852 1876 Nec
871 1821 906 1877 ita
925 1823 1061 1875 ministris
1074 1822 1155 1875 eccle·
1211 1821 1292 1876 ficiat.

343 1911 398 1964 siae
417 1928 498 1982 ροιιιι
518 1909 601 1976 annjor
619 1907 719 1960 delicto
738 1907 870 1975 insertur,
884 1907 945 1979 quia
958 1907 1023 1961 setis
1036 1908 1160 1978 adaequa·
1246 1910 1324 1981 Quod
1343 1908 1387 1980 (ι.
1406 1909 1517 1963 modum
1538 1908 1720 1980 suspendendi
1733 1911 1846 1974 attinet,
1859 1912 2030 1982 hocdnsuper

345 2003 369 2045 ta
391 2005 431 2045 est
450 1993 513 2044 hacc
532 2009 615 2062 poena
634 1990 759 2055 indiciis,
778 2009 844 2062 qnae
856 1991 1027 2046 ututteeiora
1041 1991 1160 2046 eliasei·
1210 1994 1255 2046 hic
1273 2011 1383 2056 moneo,
1400 1993 1471 2064 quod
1490 1995 1596 2064 quotics
1614 1994 1755 2064 suspensio
1774 1994 1925 2067 imponitur
1937 1996 1966 2048 iu
1979 2015 2029 2068 pn-

344 2079 470 2141 deantur,
491 2077 555 2129 satis
574 2085 660 2130 tamen
679 2074 769 2145 gravia
788 2075 896 2129 suntin
915 2076 1112 2139 ecclesiasticis,
1124 2075 1160 2129 ob
1212 2096 1267 2130 ram
1286 2079 1411 2130 criminis
1430 2077 1587 2144 vindictum,
1602 2079 1679 2132 toties
1692 2088 1720 2130 ut
1734 2079 1849 2133 monitio
1863 2081 1938 2132 illam
1949 2097 2026 2151 prae-

343 2162 427 2228 majus
446 2160 612 2224 scandalum,
631 2159 701 2230 quod
720 2160 784 2212 hinc
802 2158 937 2224 metuitur,
957 2163 1032 2228 enjus
1056 2161 1159 2214 iutuitu
1209 2164 1284 2215 cedat
1304 2164 1411 2216 nonsit
1429 2177 1580 2215 necessum:
1599 2175 1639 2216 est
1656 2163 1728 2217 enim
1748 2173 1806 2217 turn
1827 2181 1910 2236 poena
1922 2166 1942 2218 l.
1955 2165 2030 2234 eff.

346 2247 430 2297 multa
451 2244 621 2316 caeteroquin
639 2245 847 2316 permittuntur,
865 2261 931 2314 quae
956 2244 1020 2298 alias
1046 2262 1091 2299 sua
1110 2263 1156 2299 na·
1209 2248 1242 2301 de
1258 2264 1340 2315 poen.
1359 2263 1426 2317 qnae
1445 2255 1531 2299 tamen
1550 2249 1828 2303 excommunicatione
1844 2257 1873 2301 et
1899 2250 2028 2320 alegrede·

342 2339 400 2382 tnra
420 2329 511 2384 illicita
531 2329 614 2384 iorcnt
632 2341 660 2383 ct
677 2328 820 2402 prohibita.
840 2329 934 2402 Prosp.
949 2329 1066 2384 Furinae.
1076 2346 1160 2399 proc.
1209 2331 1284 2385 tione
1300 2332 1377 2400 lunge
1395 2342 1435 2386 est
1452 2329 1583 2397 interior,
1602 2349 1625 2386 c.
1649 2345 1689 2385 tu.
1708 2335 1741 2385 Χ.
1755 2333 1790 2388 de
1800 2344 1907 2406 prergor.
1921 2351 2027 2390 canon.

345 2413 452 2466 crinein.
465 2415 483 2466 l.
502 2425 524 2466 t.
536 2414 577 2466 nt.
591 2425 614 2467 ι.
628 2435 673 2484 qu.
689 2425 730 2466 ιι.
745 2431 774 2467 n.
788 2423 829 2467 ιι.
842 2413 939 2472 Klock.
952 2424 1016 2467 lom.
1040 2425 1064 2468 ι.
1082 2432 1159 2468 cone·
1210 2416 1322 2485 Quoties
1339 2435 1402 2471 eero
1419 2427 1534 2486 propter
1552 2418 1633 2470 sclam
1658 2419 1851 2471 contumaciam
1876 2417 1976 2483 fertur,
1996 2431 2027 2474 el

345 2509 387 2549 st.
400 2519 428 2552 ιι.
443 2509 482 2553 tt.
496 2497 600 2552 Confer.
617 2498 742 2569 Carpeor.
755 2498 811 2552 dec.
827 2509 886 2552 ιιι.
900 2517 928 2551 n.
946 2509 988 2550 ιι.
1003 2499 1047 2551 ubi
1068 2517 1096 2552 ιι.
1119 2513 1158 2556 tt.
1208 2501 1257 2555 sub
1276 2503 1379 2556 ratione
1399 2501 1565 2567 medicinae,
1582 2511 1611 2554 nt
1625 2502 1687 2573 quis
1705 2521 1719 2555 a
1740 2509 1851 2573 peccstu
1875 2501 2029 2573 resipiscet,

339 2583 412 2636 aliud
432 2583 460 2636 iu
479 2586 627 2638 remotione
645 2584 679 2636 ab
696 2580 789 2636 officio
806 2599 863 2636 esse
876 2581 963 2635 docet.
979 2585 1102 2636 Putarem
1118 2593 1158 2639 ta·
1208 2582 1246 2638 nti
1265 2582 1298 2652 fit
1316 2586 1344 2639 in
1364 2604 1388 2639 c.
1410 2598 1434 2638 e.
1451 2585 1481 2638 in
1493 2583 1553 2655 fin.
1573 2586 1635 2640 dise.
1656 2597 1698 2642 ιι.
1717 2586 1757 2639 sic
1775 2583 1983 2656 omnineopns,
1996 2595 2031 2638 ιιι

341 2685 410 2732 men,
430 2669 458 2720 in
475 2687 546 2733 casu,
563 2687 615 2739 quo
633 2669 772 2742 suspensio
789 2685 891 2738 poenae
903 2669 961 2723 luco
974 2669 1109 2724 ministris
1120 2686 1158 2724 ec·
1207 2667 1304 2736 gradus
1322 2667 1516 2722 admonitionis
1546 2668 1761 2739 praemittantur.
1791 2685 1814 2722 c.
1850 2675 1889 2720 u.
1919 2669 1947 2722 in
1980 2665 2030 2733 fin.

341 2753 438 2805 clesiae
456 2750 595 2818 dictatur,
615 2753 711 2806 melius
738 2752 872 2806 iacturum
897 2755 1106 2823 magistratum,
1134 2754 1158 2806 si
1207 2751 1243 2803 Χ.
1260 2751 1295 2805 ele
1313 2754 1373 2806 vitu
1393 2762 1418 2804 ιι
1437 2753 1544 2806 lacnest.
1561 2751 1650 2804 cleric.
1669 2750 1765 2803 There.
1792 2749 1922 2806 §ancien
1947 2768 2027 2805 cone.

337 2836 417 2888 alinm
436 2851 550 2908 poenam
569 2835 722 2904 substituat,
743 2855 777 2890 ne
795 2837 968 2908 suspensione
982 2836 1103 2890 ministri
1116 2857 1160 2892 ec·
1209 2836 1309 2891 moral.
1326 2846 1393 2888 torn.
1414 2847 1436 2887 t.
1454 2837 1473 2886 l.
1493 2847 1517 2890 ι.
1535 2853 1594 2906 cop·
1614 2852 1660 2890 un.
1679 2834 1743 2890 dud.
1758 2846 1799 2889 ιι.
1815 2851 1844 2888 n.
1859 2835 2029 2908 tima'nfin.

337 2923 442 2988 etesiae,
460 2923 517 2994 ipsa
536 2923 617 2976 simul
635 2923 744 2976 ecclesie
765 2923 897 2994 punietur,
910 2931 1159 2995 etcumaauspen·
1208 2920 1284 2975 Coni.
1306 2922 1369 2992 ing.
1389 2920 1500 2974 Barbos.
1520 2921 1558 2975 acl
1574 2938 1597 2973 c.
1618 2930 1663 2975 ιο.
1682 2921 1718 2974 Χ.
1735 2921 1769 2975 de
1785 2921 1892 2975 aanor.
1909 2920 1981 2992 sign.
2000 2939 2030 2973 ιι.

338 3007 414 3060 sione
431 3007 555 3062 minister
570 3009 606 3062 ed
622 3004 744 3064 officium
764 3008 867 3074 reddit,
894 3008 1046 3064 scandalum
1073 3013 1158 3082 magis
1208 3017 1232 3058 ι.
1251 3005 1285 3060 El
1303 3006 1336 3059 de
1354 3005 1404 3059 hoe
1423 3005 1503 3058 elim
1523 3005 1693 3058 tolelcaveri
1709 3004 1865 3059 inordinat.
1879 3005 2031 3059 eoeluiul·

339 3090 489 3158 adteratur,
508 3093 591 3164 quam
604 3093 751 3161 anferatur,
769 3093 839 3165 quod
859 3094 930 3149 idem
956 3098 1073 3152 sensisse
1085 3097 1157 3152 eide·
1207 3090 1246 3142 nti
1265 3099 1336 3161 pilei
1353 3105 1385 3142 0¹
1405 3088 1463 3156 5¹12,
1482 3106 1562 3160 quem
1580 3087 1663 3142 teser!
1683 3088 1779 3141 Ahm-
1791 3089 1904 3144 Ftiltssh·
1916 3100 1987 3160 pltri-
2003 3103 2029 3144 3-

338 3176 640 3236 turrln.Joh.Stttter,
660 3182 1054 3255 d.5npr.0,5,n‚12,;nfin,
1203 3175 1258 3244 jur.
1278 3175 1369 3230 eccles.
1388 3172 1428 3227 rit.
1453 3185 1492 3226 ιι.
1514 3193 1542 3227 n.
1563 3183 1604 3227 st.
1624 3173 1681 3226 ibic
1707 3173 1808 3229 Wairde
1833 3175 1916 3240 ader,
1944 3176 2033 3230 wider

373 3261 413 3314 Ex
431 3265 528 3334 quibus
545 3267 672 3320 omnibus
690 3267 756 3320 satis
775 3285 846 3320 nunc
865 3279 983 3322 constare
996 3269 1115 3323 arbitror
1129 3281 1156 3325 et
1206 3262 1383 3323 luvem'vl‘is
1400 3260 1503 3329 ‘illiget'
1520 3259 1661 3329 Prediff‘ffs
1680 3275 1777 3314 “mm
1793 3259 1854 3314 ‘itm
1879 3260 1941 3313 23⁶1
1966 3261 2032 3312 Md

336 3367 427 3402 causas
444 3362 471 3403 et
488 3349 594 3405 modum
614 3350 718 3404 ierentli
736 3353 1156 3422 suspensionem.Declaratiouis
1205 3347 1303 3403 leaeck
1320 3348 1409 3400 rainer
1428 3351 1526 3409 Amne
1544 3344 1604 3398 dem
1622 3344 1694 3399 Heli·
1727 3345 1819 3399 Wolit
1850 3347 1949 3399 0⁰⁸3&
1975 3357 2029 3400 “⁶-

339 3435 472 3490 uberinris
488 3436 573 3506 gratia
591 3436 639 3488 hoc
659 3443 762 3489 tautum
780 3435 793 3507 (
804 3449 825 3488 ι.
844 3437 929 3507 quoad
947 3454 1037 3491 causes
1064 3437 1174 3505 edd03.
1203 3443 1351 3503 entgegen,
1370 3429 1526 3501 ieyseinen
1538 3430 1697 3484 Zalaoerern
1710 3428 1910 3500 durcisnleclre
1924 3431 2026 3494 delere,

337 3523 494 3575 nouaclum
513 3521 550 3574 ob
565 3520 646 3575 dictas
664 3530 741 3574 antea
760 3537 850 3573 causas
870 3523 898 3576 in
916 3519 1009 3576 cilicio
1028 3523 1154 3578 commis·
1205 3530 1254 3572 ιιι.
1267 3516 1565 3596 melarniederreisscn,
1580 3515 1735 3581 elrlonen,
1749 3515 1946 3571 eucnemon
1959 3516 2032 3571 dier

337 3619 396 3667 eas,
412 3603 458 3656 sed
474 3603 552 3658 etiem
572 3606 637 3658 alias
654 3604 693 3658 eis
711 3605 831 3669 similes,
848 3622 930 3675 acque
942 3609 1053 3660 clericus
1065 3625 1094 3660 ac
1108 3611 1154 3661 lai·
1201 3613 1324 3658 sacraene
1346 3602 1556 3671 Vernulrrnung
1572 3599 1629 3652 anri
1638 3599 1801 3669 gebrauchte
1811 3600 1914 3671 gradus
1926 3601 2029 3655 adrao-

335 3699 380 3740 ccs
397 3683 491 3742 cilicio
515 3687 590 3759 iungi
615 3707 645 3744 ac
669 3690 821 3746 redditibus
841 3692 896 3745 suis
914 3692 977 3758 irai,
998 3693 1173 3763 prohiberis
1204 3689 1341 3743 nirionnm
1360 3687 1437 3743 nicil
1454 3687 1603 3750 eisteten,
1629 3685 1684 3738 soll
1709 3682 1780 3753 cerff
1798 3685 2032 3756 rordergelsenrlee

336 3772 417 3827 modo
436 3776 501 3828 tales
520 3774 634 3840 luerint,
652 3795 719 3848 quae
736 3777 842 3832 reniam
867 3795 919 3830 non
945 3778 1024 3831 tacite
1049 3797 1152 3833 meren·
1201 3789 1366 3845 gnngscmee
1380 3769 1645 3826 Erdaenlltt't'tflwit
1658 3767 1881 3840 Bmltssffitttdel'l
1893 3771 1941 3824 liet
1959 3773 2031 3826 Ver-

266 3880 296 3922 ῃ
338 3856 583 3929 tur.Carpeoa.p.
605 3869 670 3912 ι.ι.
691 3861 808 3931 tides.
828 3859 1042 3914 inimicantis
1063 3873 1151 3917 tamen
1204 3861 1339 3924 brechene,
1358 3857 1479 3910 dereclde
1498 3856 1547 3908 enit
1565 3854 1778 3910 Prieeterliclren
1803 3855 1958 3908 Gelrorenm
1976 3857 2026 3910 de·

336 3939 463 3994 discretio
481 3943 625 3995 secundum
646 3962 773 4014 personae
791 3943 888 3998 merita
905 3947 986 3998 etiam
1001 3947 1151 4017 qualitatem
1201 3945 1286 4016 tegar,
1304 3943 1372 3999 oder
1388 3939 1458 4010 cerff
1470 3941 1531 3995 eine
1552 3941 1681 4009 Zeitlnng
1698 3955 1756 3992 von
1775 3939 1886 3994 reinem·
1897 3943 1966 3995 Amr
1977 3957 2028 3996 ru·

337 4041 458 4080 excessus
478 4029 576 4099 poterit
595 4028 744 4092 moderari,
764 4029 805 4080 uti
831 4030 950 4099 loquitur
974 4031 1100 4084 Pontifex
1124 4053 1148 4090 c.
1198 4031 1335 4103 epenrliret
1354 4031 1424 4084 oder
1443 4029 1514 4082 nacla
1532 4043 1587 4099 gur
1603 4025 1753 4079 remouirat
1769 4025 1894 4092 werden,
1913 4037 1963 4079 ιιι.

340 4121 383 4160 ²¹·
404 4111 725 4180 murcomannum.
746 4111 763 4163 l.
785 4125 808 4162 ι.
825 4131 848 4166 c.
867 4133 903 4167 aa
922 4114 993 4186 quil.
1012 4133 1088 4172 eane.
1105 4119 1148 4172 in·
1236 4117 1342 4168 Possem
1362 4117 1413 4182 jam
1433 4114 1530 4165 ultimo
1547 4113 1591 4162 his
1611 4111 1745 4176 subiicere
1768 4127 1876 4174 causas,
1900 4111 1937 4164 ob
1954 4127 2025 4180 quas
2069 4120 2105 4161 ιι

268 4221 297 4262 tl
324 4192 402 4262 fiam.
421 4197 459 4249 lta
477 4197 523 4267 qui
543 4195 667 4250 atrociori
688 4195 765 4250 modo
783 4194 887 4252 iuratus
900 4209 955 4263 eet,
968 4202 1070 4254 licetin
1082 4221 1148 4272 opus
1196 4200 1339 4270 suspensio
1357 4219 1371 4251 a
1391 4213 1463 4250 sacra
1483 4213 1580 4261 coena,
1599 4195 1696 4266 deque
1710 4194 1739 4247 in
1752 4211 1774 4247 c.
1792 4204 1817 4249 ι.
1831 4195 1944 4260 dictum,
1959 4192 2027 4249 fieri

337 4279 487 4349 publicum,
499 4281 539 4337 ecl
553 4292 709 4353 perpetuum
722 4283 763 4336 rel
779 4284 968 4354 temporariam
983 4286 1040 4339 dari
1053 4289 1147 4356 sulcat,
1198 4297 1297 4355 posset,
1317 4299 1408 4337 rernm
1427 4297 1486 4334 cum
1505 4289 1532 4334 et
1551 4279 1601 4332 leae
1612 4278 1768 4332 consistorii
1784 4279 1905 4342 cuiusvis
1919 4279 2027 4333 delibe-

335 4363 358 4415 si
377 4375 460 4418 tamen
480 4365 616 4419 honestior
634 4363 729 4429 inerit,
748 4365 844 4422 ordine
862 4366 895 4420 ad
914 4378 1018 4439 tempus
1032 4371 1147 4424 moaebi-
1198 4379 1255 4422 roto
1274 4368 1374 4436 jndicio
1395 4367 1452 4419 siut
1470 4363 1676 4434 relinquendae,
1696 4377 1746 4415 nee
1765 4363 1802 4414 ita
1824 4363 1853 4414 iu
1865 4365 2038 4418 unieersum·

267 4461 298 4501 ιι
336 4450 414 4501 turl.
435 4460 456 4502 t.
475 4447 499 4521 5.
521 4447 594 4520 eff
610 4449 805 4519 deeffroctor·
824 4461 850 4505 et
875 4451 958 4525 expil.
986 4451 1147 4521 deivocatus,
1197 4453 1370 4509 determinari
1391 4450 1516 4522 possint,
1537 4449 1565 4500 in
1586 4447 1643 4501 illis
1662 4447 1821 4501 enarrandis
1839 4465 1881 4500 me
1900 4467 1953 4502 non
1973 4449 2024 4503 de.

334 4530 379 4601 qui
399 4529 493 4585 ialsuru
512 4533 721 4590 instrumentum
740 4545 913 4604 cognoscente
933 4535 1058 4606 praeside
1082 4541 1149 4592 reci·
1200 4541 1304 4601 tinebo,
1324 4539 1365 4592 cui
1387 4539 1490 4608 placet,
1510 4534 1602 4587 ridere
1622 4533 1723 4604 poterit
1738 4531 1832 4584 dhaer.
1847 4531 1963 4587 Fritscle.
1973 4535 2025 4605 y'ne

335 4615 413 4682 tacit,
434 4618 523 4672 decem
542 4621 621 4673 annis
638 4621 737 4674 ordine
755 4619 927 4672 decurionum
965 4620 1100 4676 bstinebit
1129 4625 1147 4674 l.
1197 4626 1341 4679 ecclesiast.
1358 4631 1429 4687 part.
1452 4633 1475 4672 s.
1492 4635 1520 4687 p.
1542 4627 1603 4670 ιιι.
1623 4616 1669 4670 ubi
1690 4615 1847 4686 quindecim
1866 4617 1947 4686 hujus
1973 4635 2022 4671 eu·

265 4711 296 4752 rs
338 4713 377 4752 ιι.
394 4701 418 4768 5.
440 4715 463 4755 ι.
472 4701 512 4771 ff.
533 4703 571 4758 ad
587 4705 606 4755 l.
625 4703 725 4756 cornel.
743 4701 777 4756 de
785 4699 858 4770 fuls.
877 4704 1005 4770 Maritus,
1026 4707 1071 4775 qui
1106 4709 1148 4760 ni·
1196 4707 1350 4780 sparsionis
1362 4705 1521 4775 praecipuae
1533 4717 1625 4754 causae
1638 4710 1701 4753 suut
1714 4701 1819 4766 relatae,
1833 4701 1905 4754 noui.
1919 4701 2021 4772 Georg.

334 4782 416 4837 udam
436 4786 464 4838 in
483 4801 591 4839 uxorem
612 4787 745 4842 ascetriam
764 4798 885 4851 exercet,
903 4788 936 4842 ab
955 4807 1003 4842 usn
1028 4795 1147 4862 conjugit
1199 4793 1299 4862 Konta.
1318 4790 1347 4842 io
1366 4789 1449 4842 casii·
1467 4785 1615 4840 conectens.
1634 4783 1675 4837 til·
1693 4785 1725 4838 de
1744 4801 1765 4837 ι·
1786 4801 1883 4838 coeno.
1900 4803 1957 4840 cae.
1979 4800 2021 4842 ιι.

334 4870 366 4922 ad
386 4882 489 4940 tempus
507 4870 695 4941 suspendetur,
714 4871 758 4924 dn.
777 4871 882 4926 Bardili
900 4873 928 4926 in
941 4873 1008 4940 diep-
1023 4876 1150 4949 descpo-
1200 4879 1328 4951 Sequitur
1349 4875 1436 4945 igitur

1005 5067 1254 5144 CAPUT
1303 5067 1364 5134 lV.

812 5255 870 5322 De
893 5256 1066 5347 ffectibus
1089 5265 1328 5356 suspensionis
1351 5259 1395 5326 ab
1421 5255 1545 5346 (fficio.

570 5459 593 5510 S
612 5459 640 5512 U
654 5457 691 5510 ll!
702 5457 739 5510 d!
752 5457 781 5509 A
800 5457 825 5510 tt
844 5459 864 5510 1
882 5459 910 5508 A
1204 5460 1253 5513 Vis
1264 5453 1449 5526 suspensionis
1462 5454 1496 5506 ad
1509 5460 1605 5507 erentes
1617 5451 1760 5520 dependet.
1772 5469 1800 5505 ιι.
1817 5467 1841 5506 ι.

1199 5545 1349 5610 Suspensus
1361 5539 1501 5594 celebrans
1512 5534 1637 5606 officium
1650 5536 1764 5591 incurrit
1770 5538 2020 5611 ιἰιιμιιιίιιιιιιιι.

333 5623 523 5694 Strepenrionia
541 5621 1110 5694 1.ficeturestabstinentiaabolicion.
1127 5641 1150 5683 t.
1240 5645 1267 5678 n.
1281 5639 1304 5678 ι.
1716 5661 1718 5668 -

334 5715 384 5770 Aa
394 5715 465 5766 lonc
473 5709 574 5780 judicie
584 5707 731 5781 requiritur
742 5707 883 5780 officium.
898 5729 925 5764 n.
942 5721 966 5762 ι.
981 5729 1052 5784 seqq.
1203 5713 1249 5764 An
1265 5723 1409 5780 suspensus
1419 5705 1578 5775 possiteligi
1592 5715 1642 5762 out
1651 5709 1847 5776 praesentari?
1860 5729 1887 5764 ιι
1906 5725 1929 5769 ι.
