4396 6286
171 301 229 372 ²⁸3·
369 309 377 314 ·
595 283 600 288 '
628 289 676 344 DE
697 287 873 349 tantulus
894 289 944 343 ιι)
962 290 1211 348 tunsuuuutuu
1231 304 1290 347 erc
1692 314 1743 348 eoo

125 411 165 468 tc,
183 397 307 451 Cicerone
324 390 354 446 in
375 389 514 460 aarum.
533 388 573 442 sic
592 386 715 442 dicente:
732 384 825 456 itaque
847 384 930 440 istam
982 399 1092 455 statuet,
1108 386 1220 457 ltudiug.
1238 389 1425 442 oiserream.
1442 385 1470 440 d.
1487 386 1507 442 l.
1524 385 1648 442 uincet
1666 385 1800 444 delinitio·

120 490 296 556 paupertatem
311 487 388 534 tuam
402 477 450 529 trel
457 473 549 545 potius
566 482 710 542 egestatem
724 489 758 522 ac
771 471 929 526 mendicito·
984 492 1045 527 uem
1062 474 1207 544 juramenti
1220 471 1383 543 paupertatis
1401 470 1470 524 mihi
1490 470 1653 542 pergentium
1671 484 1727 526 ast:
1738 489 1800 526 curn

122 583 171 623 tem
184 580 322 634 nunquam
346 561 461 616 obscure
483 557 587 622 tulisti,
608 557 626 610 l.
645 556 673 610 ia
694 555 934 610 condemnatione.
984 569 1072 612 autem
1091 558 1180 610 omnis
1197 554 1323 609 tleiinitio
1347 555 1376 608 in
1400 557 1458 625 jure
1475 557 1624 626 periculosa
1640 557 1698 622 sit,
1721 558 1800 612 Jaro·

124 665 176 706 ιιι.
191 666 231 716 pr.
238 643 278 714 ff
292 641 620 713 der.p'.eti.silongias.
643 651 684 693 st.
703 641 932 711 vernundeego.
983 646 1043 698 lenc
1062 652 1126 698 teste
1143 643 1172 696 ia
1187 643 1206 695 l.
1220 651 1282 696 tot.
1295 637 1337 709 ff
1359 641 1393 694 de
1417 656 1440 692 r.
1461 640 1483 710 p'.
1502 638 1616 694 liberum
1637 641 1722 694 cuivis
1739 656 1801 694 cum

121 731 206 802 iuſsn.
216 728 302 800 ffide
312 727 374 799 p'ud.
396 725 486 782 Sicuti
506 725 573 778 hanc
591 721 774 778 differentiam
793 723 934 778 constituit
988 729 1086 782 senam
1107 724 1189 786 iscium
1209 723 1234 778 ai
1252 741 1302 777 nec
1321 723 1396 794 ipsa,
1412 741 1494 792 quam
1513 722 1597 788 deba,
1616 722 1752 788 arrideat,
1770 722 1802 776 in

121 813 243 886 ilerpler.
259 813 331 882 disp·
344 810 438 880 inang.
451 811 483 864 de
493 808 589 876 privil·
605 827 686 878 paup.
706 819 842 878 argentae.
857 808 896 859 tls.
912 821 936 860 ι.
986 812 1064 866 ιΙίιιι
1084 823 1159 880 atque
1176 807 1255 862 aliam
1276 806 1372 862 faciem
1395 806 1478 858 libera
1497 815 1525 860 ιι
1547 809 1647 875 integra
1672 815 1802 877 potestate

124 912 147 954 et
165 909 188 950 t.
204 897 250 968 qui
269 899 308 950 tis.
330 910 354 948 ι.
374 893 543 966 aptissimam
564 890 726 962 paupertatis
751 889 937 946 definitionem
986 915 1043 950 ιιιι
1063 893 1217 949 ιιιιιιιιιι.
1235 895 1286 946 Est
1311 892 1401 960 itaque
1421 891 1609 959 jurameutum
1631 892 1803 958 paupertatis

123 983 212 1046 tradit,
230 979 302 1050 qaod
323 980 360 1034 sit
376 974 495 1032 carentis
508 975 638 1046 pecuniae
650 973 794 1028 secuudum
808 993 938 1048 personae
988 977 1146 1049 affirmatio
1160 971 1696 1055 religiosa,quc,DeotesteJisrma1iter
1707 974 1804 1030 asseri·

121 1068 272 1140 qualitatem.
988 1077 1063 1127 snas,
1076 1075 1125 1114 nos
1137 1059 1166 1112 in
1178 1058 1259 1112 donis
1273 1058 1417 1112 mobilibus
1438 1068 1463 1111 et
1482 1056 1667 1113 immobilibus
1680 1069 1705 1111 et
1717 1059 1803 1114 actio·

81 1190 92 1231 ‚
153 1149 263 1220 Quando
282 1149 372 1218 itaque
391 1142 471 1211 iudex
489 1141 634 1200 secundum
660 1141 838 1210 quantitatem
857 1143 938 1214 patri·
987 1143 1252 1197 nilustcntamnon
1268 1139 1803 1214 lalem,puosummasidustfflrm,

122 1233 265 1288 omniorum
282 1242 308 1286 et
321 1227 482 1300 qualitatem
501 1243 691 1296 personarum,
715 1243 793 1295 quem
812 1225 938 1295 judicarit
987 1226 1124 1295 sportulas
1135 1225 1280 1278 etsalorio
1291 1225 1489 1280 mercatorum
1507 1226 1616 1279 solvere
1628 1237 1655 1279 et
1672 1229 1805 1282 alissim-

121 1335 270 1390 paupesem,
289 1326 317 1370 et
334 1314 380 1368 illc
398 1329 426 1366 ιι
444 1311 478 1364 ad
499 1309 639 1382 priuilegia
656 1327 801 1378 pauperum
820 1309 849 1362 in
868 1311 938 1379 judi·
987 1323 1091 1378 pensas
1108 1317 1249 1376 praestare
1259 1307 1405 1374 possimus.
1422 1307 1625 1377 Descripsimus
1642 1309 1677 1364 ita
1696 1327 1806 1381 pauper·

121 1405 158 1456 cio
174 1401 285 1457 admitti
305 1409 395 1470 petat,
414 1397 473 1450 scil.
491 1407 519 1450 ut
534 1393 618 1464 gratis
636 1391 742 1460 litigare
761 1393 860 1455 sulcate
880 1410 937 1448 sae·
992 1389 1054 1442 tatis
1071 1391 1267 1459 juramentum,
1285 1403 1414 1461 quatenus
1433 1407 1513 1460 sccpc
1531 1403 1621 1446 nostru
1640 1393 1760 1448 inseruit.
1772 1397 1808 1450 ll-

121 1488 176 1558 pius
194 1495 284 1540 ιιιιιι
304 1485 332 1536 iu
352 1480 473 1534 fraudem
485 1479 607 1532 celentur
619 1475 731 1532 diuitiae
748 1475 781 1528 ad
800 1491 936 1546 processus
988 1473 1034 1528 lud
1052 1475 1126 1527 enim
1143 1478 1320 1544 jurameutum
1334 1475 1507 1547 paupertatis,
1526 1475 1595 1544 quod
1616 1479 1806 1534 monasterium

120 1585 240 1641 espensas
260 1565 382 1620 iereudas
400 1559 578 1626 sufficientes,
599 1569 662 1612 tuno
679 1557 712 1612 ad
730 1558 936 1628 praestationem
989 1558 1137 1626 ingressuri
1147 1558 1305 1629 quandoque
1320 1561 1428 1628 jurant,
1446 1559 1532 1612 nostri
1546 1577 1598 1614 non
1611 1569 1653 1613 est
1665 1559 1726 1614 iori.
1737 1562 1809 1616 Con·

121 1651 256 1725 juramenti
277 1648 441 1721 paupertatis
460 1645 536 1699 debet
553 1640 762 1711 admitti,quod
781 1641 809 1692 iu
827 1641 937 1708 judiciis
990 1642 1056 1698 lerri
1075 1643 1110 1697 de
1127 1652 1187 1696 scto
1207 1643 1256 1696 huc
1273 1644 1523 1715 potestdispositio
1547 1645 1615 1715 juris
1640 1645 1759 1700 mnouici
1779 1649 1809 1702 irs

124 1738 214 1794 ansuis
232 1735 291 1790 dici
310 1735 391 1788 solet:
409 1732 454 1786 Er
468 1729 536 1785 wird
546 1747 580 1782 su
592 1727 654 1782 dem
666 1743 765 1781 aranea
778 1723 863 1780 ιιιιιιι
875 1741 942 1779 oer-
989 1747 1011 1783 ι.
1030 1747 1091 1784 cum
1109 1729 1147 1783 ad
1160 1729 1366 1783 monasterium.
1379 1741 1404 1784 t.
1418 1731 1454 1785 tt.
1467 1731 1500 1786 de
1516 1742 1578 1786 stat.
1591 1731 1753 1788 inonacltor.

791 1887 1043 1959 CAPUT
1089 1891 1136 1959 ll.

455 2065 507 2132 De
521 2064 677 2156 personis
693 2057 988 2152 adjuramentum
1000 2067 1219 2158 paupertatis
1236 2065 1473 2136 adrnittendis.

357 2255 380 2306 ιι
401 2254 429 2306 ι]
444 2251 480 2304 ll!
495 2251 530 2304 d!
545 2249 573 2302 A
592 2251 618 2302 ll
639 2247 700 2304 tA
995 2247 1094 2316 pisinus
1120 2250 1154 2305 de
1184 2249 1341 2321 Seraphinis
1360 2257 1439 2304 tract·
1461 2249 1495 2304 de
1517 2249 1639 2322 priuileg.
1662 2249 1809 2324 insument.

991 2333 1115 2404 privileg.
1137 2346 1161 2388 t.
1180 2355 1208 2388 n.
1230 2347 1273 2388 ιι.
1293 2349 1366 2405 sepa.
1381 2351 1408 2403 p.
1429 2345 1472 2388 tt.
1489 2336 1579 2406 Quare
1597 2354 1698 2406 pauper
1715 2349 1809 2403 actor,

125 2423 235 2495 Quinam
258 2421 298 2476 ad
314 2423 366 2476 ιιι
379 2419 565 2490 juramentum
598 2414 853 2474 «uniuersaliter.
994 2417 1071 2470 bonis
1091 2429 1179 2473 tamen
1197 2432 1305 2474 crustas
1323 2419 1466 2484 moribus,
1492 2419 1575 2473 etiam
1592 2421 1659 2476 alias
1676 2432 1751 2476 ostra
1771 2439 1812 2476 ca·

125 2513 185 2566 Cam
201 2517 369 2580 paupertate
387 2504 455 2560 loni
471 2519 561 2556 mones
578 2517 743 2559 concurrere
755 2499 862 2552 debent.
876 2515 905 2548 n.
919 2506 943 2548 t.
993 2519 1051 2555 aum
1070 2505 1203 2558 consecuti
1223 2505 1289 2572 juris
1309 2504 1693 2576 panpemm‚ad1uratoriam
1711 2509 1812 2561 cautic-

120 2599 163 2650 ,ιιι
174 2595 263 2650 etiarm
274 2590 403 2646 ciuitates
415 2599 442 2642 et
454 2585 588 2659 collegitis
600 2587 664 2640 item
677 2603 714 2640 un
727 2581 856 2640 ludaei?
872 2599 901 2635 n.
919 2593 944 2635 l·
994 2603 1054 2642 uem
1074 2587 1238 2655 admittitur,
1258 2589 1281 2642 si
1300 2589 1515 2660 neque'pi'gucre
1539 2605 1624 2660 neqm
1643 2587 1811 2660 fidejussores

120 2677 300 2734 &tenditur-
318 2693 348 2728 rs·
369 2687 392 2728 e.
995 2672 1117 2726 inseruire
1136 2683 1243 2744 potest,
1263 2691 1296 2726 ne
1315 2676 1382 2740 juste
1397 2672 1425 2725 in
1436 2689 1512 2726 reuss
1530 2671 1564 2726 sb
1581 2671 1683 2743 agendo
1700 2675 1812 2744 repella·

123 2763 236 2832 Quinam
260 2755 457 2829 repellentur?
473 2773 502 2808 ιι.
521 2767 545 2808 ι.
567 2767 592 2808 t.
611 2768 634 2808 t.
993 2768 1043 2820 tur,
1055 2757 1077 2822 §.
1090 2757 1139 2809 sed
1149 2757 1239 2810 hodie.
1254 2767 1277 2808 t.
1291 2758 1352 2810 inst.
1366 2756 1400 2810 te
1411 2757 1534 2812 satisdat.
1548 2760 1623 2812 auti.
1640 2759 1811 2829 generaliter.

121 2851 153 2902 In
167 2851 362 2916 paupertatem
380 2838 531 2894 summarie
548 2834 749 2907 inquirendam.
764 2854 790 2888 tt·
805 2848 830 2888 l·
993 2861 1019 2896 c.
1029 2841 1063 2896 de
1075 2841 1153 2910 episc.
1166 2851 1192 2896 et
1204 2842 1267 2895 cler.
1280 2860 1343 2895 nou.
1357 2853 1416 2894 ιιι.
1434 2857 1459 2894 c.
1473 2851 1497 2893 t.
1516 2841 1577 2895 ord.
1594 2859 1668 2910 proc.
1682 2843 1812 2913 magdal.-

123 2932 173 2985 ttee
190 2925 352 2984 attenditur
367 2922 500 2977 simulata
517 2930 674 2992 paupertas·
690 2938 718 2972 n.
736 2931 761 2973 t·
993 2946 1050 2994 cap.
1065 2935 1107 2978 ts.
1119 2941 1190 2982 cers.
1205 2927 1246 2978 Er
1259 2927 1337 2980 multe
1354 2924 1428 2978 deon
1441 2923 1490 2978 mit
1500 2924 1603 2980 seinem
1620 2927 1811 2996 Co'rperliclen

119 3014 161 3068 De
174 3011 345 3080 probatione
360 3005 534 3078 paupertatis
551 3005 596 3060 cui
612 3004 777 3060 incumbat?
789 3024 817 3060 a·
830 3017 855 3058 s·
995 3011 1071 3082 Eyde
1096 3011 1241 3066 betleeuren
1259 3023 1307 3066 etc.
1329 3029 1378 3081 qus
1396 3013 1487 3079 jurare
1503 3021 1625 3079 tenetur,
1649 3030 1677 3066 ιι
1700 3009 1812 3082 fidejus·

120 3099 160 3152 Ds
171 3091 617 3162 motcpmtanttpaupenetem.
629 3107 658 3142 n·
677 3099 717 3143 it·
994 3115 1067 3151 sores
1084 3097 1194 3151 idoneos
1212 3097 1251 3150 rel
1270 3091 1432 3148 sufficientia
1451 3094 1579 3165 pignore,
1600 3097 1721 3166 quamvis
1738 3115 1813 3151 sum-

123 3181 191 3252 Quid
201 3182 227 3236 si
240 3179 424 3251 magistratus
441 3173 626 3231 testimoninm
636 3175 807 3244 paupertatis
819 3172 946 3243 deneget?
995 3201 1037 3235 ma
1058 3191 1111 3234 tam
1131 3197 1179 3252 per
1196 3197 1240 3244 se,
1259 3197 1338 3250 quam
1356 3195 1405 3249 per
1423 3179 1488 3231 alios
1505 3179 1628 3234 adhibita
1651 3179 1811 3249 diligentis,

85 3293 87 3299 a
152 3285 179 3320 n.
201 3279 248 3320 ts.
996 3266 1111 3338 reperire
1128 3265 1287 3334 nequivisse.
1301 3264 1326 3316 d.
1340 3263 1416 3317 autls.
1433 3263 1686 3334 generalmente
1697 3266 1775 3331 episc.
1787 3277 1814 3322 et

118 3352 158 3408 De
173 3348 336 3422 quantitate
355 3346 498 3400 lanarum.
518 3365 546 3400 n.
562 3357 603 3400 ts.
993 3352 1056 3404 cler.
1076 3347 1152 3420 Quod
1170 3360 1255 3402 tamen
1276 3345 1355 3398 lscslie
1372 3357 1481 3416 propter
1497 3363 1592 3416 anceps
1609 3346 1755 3416 periurium
1775 3349 1814 3405 ita

599 3423 602 3432 ¹
994 3446 1033 3489 ιιι
1050 3442 1239 3504 temperatum,
1257 3439 1286 3482 ut
1304 3447 1357 3482 non
1376 3429 1429 3482 uisi
1448 3431 1482 3482 dc
1499 3429 1651 3486 credulitate
1669 3433 1750 3499 juret,
1763 3435 1815 3486 sci·

120 3471 285 3592 Explicatc
314 3517 464 3584 juramento
489 3512 655 3584 paupertatis
680 3511 711 3565 in
735 3531 851 3584 genere,
876 3529 946 3566 nuuc
996 3521 1040 3573 tie.
1058 3517 1127 3588 quod
1148 3513 1262 3568 firmiter
1280 3515 1379 3577 credat,
1400 3531 1428 3567 sc
1447 3531 1494 3567 nec
1506 3515 1662 3586 pignoribus
1680 3531 1728 3572 ιιι
1746 3515 1813 3572 fide·

121 3603 149 3658 ad
167 3618 348 3678 personarum
373 3599 619 3656 considerationem
638 3597 740 3652 tenedo·
765 3599 836 3651 Sunt
856 3607 945 3651 sulem
995 3603 1144 3676 jussoribus
1161 3597 1290 3654 satisdare
1302 3615 1393 3670 posse,
1410 3596 1527 3651 Cluilias.
1540 3590 1638 3667 Kinig.
1651 3599 1681 3654 in
1693 3617 1811 3669 process.

123 3693 159 3744 rel
176 3689 355 3744 admittentes
365 3687 408 3741 sel
421 3682 608 3739 admittendae.
620 3683 661 3736 De
672 3680 880 3736 admittentibus
892 3697 944 3734 uon
995 3709 1018 3744 ο.
1039 3699 1080 3740 ιι.
1100 3705 1128 3739 n.
1148 3694 1172 3736 t.
1190 3683 1275 3753 Atque
1293 3693 1322 3736 ut
1345 3697 1376 3734 ec
1394 3681 1485 3734 minsis
1500 3691 1585 3736 metus
1596 3684 1707 3753 perjurii
1722 3701 1814 3756 auper-

124 3785 162 3829 est
177 3789 303 3835 ιιιιιιι,
322 3779 352 3823 ιι
369 3769 436 3824 adeo
454 3766 537 3822 aimus
551 3767 678 3835 solliciti,
696 3781 757 3820 cam
776 3776 853 3839 eaput
873 3785 946 3838 prae·
996 3771 1047 3835 sit,
1066 3767 1144 3820 debet
1159 3763 1239 3837 judex
1257 3765 1340 3818 actori
1364 3765 1539 3834 quantitatem
1558 3767 1709 3832 motionis,
1733 3785 1812 3838 quam

124 3859 265 3914 pedaneum
289 3861 440 3919 monstret,
464 3852 526 3906 illos
542 3867 600 3905 esse
617 3851 739 3919 iudices:
763 3853 834 3904 sicut
858 3853 948 3922 itaque
996 3861 1132 3924 praestare
1151 3849 1303 3916 debuisset,
1328 3849 1502 3902 denominare
1521 3860 1546 3902 et
1565 3851 1731 3922 exprimere,
1753 3857 1813 3910 ord.

124 3946 220 4014 utrique
238 3955 444 4013 praesuppunc,
462 3937 579 4007 jndicem
599 3936 700 4006 duplici
721 3937 793 4000 sale,
819 3937 948 3991 scientiae
995 3953 1071 4007 proc·
1084 3935 1172 4006 magd.
1186 3933 1247 3988 dc·
1262 3943 1302 3986 ts.
1325 3949 1398 3986 vers.
1421 3933 1518 3988 Wenn.
1535 3933 1591 3986 ilum
1609 3937 1713 3989 uorlrer
1731 3955 1814 4007 ange·

125 4045 160 4082 sc.
178 4044 212 4081 ne
229 4024 271 4079 sit
289 4020 441 4092 insipidus,
460 4029 488 4075 et
504 4019 701 4086 conscientiae,
726 4037 761 4074 ne
780 4021 815 4074 sit
832 4020 947 4075 diaboli·
997 4020 1083 4090 seips,
1096 4022 1145 4075 scie
1157 4019 1225 4073 lucela
1246 4018 1290 4073 die
1308 4018 1430 4073 cantion.
1451 4037 1485 4073 ιι
1504 4017 1639 4073 lestettm.
1659 4020 1716 4073 oid.
1728 4022 1762 4074 de
1773 4024 1817 4076 ιιι

123 4128 182 4178 cns,
201 4111 383 4168 instructum,
404 4104 440 4158 ιιι
459 4105 509 4158 boc
528 4104 841 4174 ipsocscludcomoem
859 4123 946 4160 casum
997 4101 1491 4159 omnilaslmdor.Guuth.ll1srtiui
1513 4105 1715 4174 edord.proc.
1745 4111 1814 4163 saa.

126 4211 172 4263 pro
189 4191 300 4254 amico,
325 4194 352 4240 ιι
378 4203 412 4240 ιι
437 4187 561 4240 simulata
579 4195 732 4258 paupertate
749 4187 948 4256 pmrcuientem
997 4190 1038 4244 tit.
1058 4201 1100 4242 ts.
1119 4205 1144 4242 ιι.
1167 4200 1189 4241 ι.
1208 4197 1235 4242 ιι
1253 4197 1279 4240 t.

28 4297 29 4300 ¹
126 4275 325 4331 admissionem.
342 4273 471 4338 Maiorem
491 4273 580 4344 itaque
596 4291 687 4326 curam
708 4271 790 4323 habeo
808 4271 952 4326 admitteu·
1034 4275 1135 4327 Omnes
1153 4281 1215 4326 sont
1231 4269 1392 4325 admittendi
1401 4271 1469 4342 ,qui
1487 4271 1516 4325 in
1535 4270 1636 4338 jrsdicio
1652 4273 1740 4327 standi
1753 4291 1813 4346 pies·
1854 4311 1866 4350 3

126 4363 234 4424 doram
260 4355 426 4411 admittendi
446 4365 533 4410 autem
553 4367 616 4410 sunt
632 4373 724 4411 omues
742 4365 831 4408 resera
851 4365 877 4409 et
895 4367 951 4410 actu
1001 4375 1093 4410 sonam
1112 4355 1228 4420 bahem,
1248 4371 1302 4407 uon
1321 4365 1424 4408 tantam
1443 4355 1560 4426 privati,
1586 4355 1631 4409 sed
1656 4359 1736 4410 etiem
1755 4377 1817 4429 syn·

127 4461 254 4518 pauperes
273 4453 299 4497 et
315 4439 483 4496 miserabiles
502 4455 643 4511 ριιιιιιιι,
661 4435 826 4507 Giafsttrstl.
846 4439 953 4493 Sacris.
1002 4441 1077 4494 dicus
1095 4438 1293 4503 uniuersitatis,
1310 4439 1441 4504 ciuitatis,
1459 4440 1675 4506 communitatis,
1694 4443 1817 4510 mllegii,

129 4550 204 4598 proc.
220 4529 315 4586 ordin.
332 4526 375 4581 tit·
390 4539 413 4590 t.
426 4545 460 4582 ne
477 4527 565 4580 locum
584 4523 704 4578 inueniat
724 4523 790 4577 illud
809 4523 906 4576 tritum
925 4533 952 4576 et
1002 4527 1129 4597 capituli,
1147 4525 1268 4579 coenobii
1286 4526 1445 4591 nomiae,si
1464 4527 1494 4578 in
1515 4545 1571 4580 eam
1590 4537 1729 4594 egestatem
1750 4529 1818 4582 clri-

129 4615 287 4687 saepissime
302 4627 401 4666 serum.
1006 4619 1045 4662 tas
1064 4609 1104 4663 sel
1124 4609 1282 4662 universitas
1300 4608 1405 4677 delapsa
1418 4611 1463 4662 sit.
1479 4609 1631 4680 Dispositio
1648 4611 1722 4664 enim
1741 4627 1819 4679 gene·

182 4701 295 4754 Causae
309 4691 475 4762 perdantur,
493 4708 564 4763 quae
579 4699 740 4761 paupertate
763 4699 900 4760 reguntur.
1005 4693 1070 4746 ralis
1094 4709 1149 4745 non
1174 4701 1275 4746 tentum
1296 4707 1423 4762 personas
1441 4691 1611 4761 singulares,
1636 4693 1683 4748 sed
1708 4709 1820 4766 corpora

88 4813 99 4853 2
164 4781 296 4854 Quamvis
314 4781 348 4834 de
366 4779 559 4848 paopereattas
577 4791 630 4828 non
648 4775 686 4826 ita
704 4771 953 4836 confidendumait,
1003 4776 1084 4831 etism
1104 4775 1290 4831 uniuersitatis
1302 4775 1575 4846 complectiturperi.
1591 4777 1650 4844 ις.
1657 4774 1709 4844 fin.
1722 4789 1749 4832 et
1762 4779 1779 4832 l.
1796 4793 1820 4832 ι.

131 4867 199 4922 sicut
216 4866 254 4920 de
271 4864 370 4931 dieite,
390 4863 465 4932 isque
482 4869 620 4930 reputetur
637 4859 698 4912 uilis
716 4869 849 4926 persona,
869 4871 957 4926 perso·
996 4857 1038 4928 ff.
1051 4859 1188 4931 dejutisd.
1206 4858 1337 4930 Quamuis
1355 4859 1504 4912 consultius
1521 4859 1656 4926 rideatur,
1674 4865 1822 4930 juramenta

132 4969 180 5006 ιιι
197 4960 290 5005 autem
309 4947 357 5004 rili
375 4948 553 5016 iuramentum
573 4957 626 4995 uon
645 4941 682 4994 sit
705 4938 897 5003 deterentia.
916 4949 955 4992 ts·
1007 4942 1115 4996 nominc
1134 4941 1247 4996 civitatis
1264 4941 1422 5010 praestanda
1440 4959 1454 4993 s
1472 4943 1625 4996 senioribus
1642 4943 1763 5015 exigere,
1782 4958 1824 5000 nt·

132 5051 193 5090 meu
212 5050 276 5088 cum
295 5031 360 5088 boni
379 5045 469 5084 mores
488 5029 547 5101 plus
564 5027 670 5082 sslmnt
686 5041 765 5096 quam
784 5024 957 5090 divitiani.
1006 5035 1068 5093 pote
1083 5024 1132 5096 qui
1148 5023 1338 5080 accuratiorem
1363 5041 1452 5078 serum
1477 5026 1597 5082 civitatis
1621 5041 1827 5100 praesumuntur

132 5119 293 5174 eacustme.
310 5114 395 5170 instit.
409 5115 442 5168 de
453 5129 529 5181 susp.
546 5121 596 5166 tut.
613 5119 641 5165 et
657 5110 676 5161 l.
693 5108 721 5162 si
735 5108 797 5180 puis
812 5108 960 5178 stipulatus
1008 5110 1106 5162 lubere
1123 5110 1267 5174 notitiam,
1284 5125 1366 5180 porro
1384 5127 1432 5165 nec
1449 5109 1545 5167 tutaet
1564 5123 1710 5182 arcentur,
1725 5135 1783 5188 arg.
1807 5119 1826 5172 ι.

133 5203 168 5256 sit
184 5201 321 5256 Stietsam.
339 5199 369 5252 in
375 5195 436 5268 fin.
453 5195 499 5266 ff.
520 5197 554 5250 de
572 5212 601 5248 ι.
620 5211 647 5248 c.
672 5209 796 5264 pauper,
816 5191 961 5245 dummodo
1011 5207 1035 5247 ι.
1050 5211 1072 5247 ι.
1085 5193 1119 5248 de
1131 5194 1197 5248 Jetd.
1209 5203 1236 5246 et
1247 5193 1319 5249 Cael.
1338 5195 1362 5248 si
1380 5211 1432 5249 non
1445 5197 1638 5270 psoprisculpa
1656 5201 1688 5254 ad
1707 5202 1826 5273 inopiam

133 5287 189 5350 eius
213 5281 284 5337 indes
307 5281 386 5336 bonis
411 5281 532 5334 moribus
558 5277 728 5349 comprobata
742 5315 752 5342 ,
776 5293 828 5344 arg
854 5277 872 5330 l.
889 5275 960 5329 scire
1010 5279 1121 5334 redacti.
1138 5277 1204 5332 Nam
1223 5287 1325 5334 tanturn
1349 5277 1397 5332 isti
1420 5297 1550 5351 pauperes
1574 5281 1672 5338 ιιιιιιιιι
1695 5283 1826 5354 admitti,

137 5378 255 5437 oportet.
271 5364 314 5436 ff.
335 5365 372 5420 de
397 5373 589 5420 excurrentes.
617 5375 642 5418 et
666 5363 727 5432 ipse
752 5360 847 5414 solitos
878 5357 961 5412 inerit
1009 5361 1054 5432 qui
1074 5377 1135 5414 casn
1153 5360 1264 5416 iortuito
1280 5372 1356 5416 extra
1375 5364 1480 5432 culpam
1498 5368 1649 5422 novercales
1667 5366 1828 5426 fortunata·

137 5471 195 5508 eura
213 5451 296 5506 bonis
312 5449 482 5514 conuersari,
500 5449 612 5502 omuino
624 5447 844 5517 adjuramentum
864 5453 905 5497 est
916 5444 962 5498 ad·
1010 5452 1116 5516 spectus
1133 5445 1287 5510 sustinent,
1312 5455 1387 5516 atquo
1404 5446 1582 5505 siciortunae
1606 5452 1731 5518 iacturam
1757 5456 1829 5527 passi

139 5535 305 5600 mittendus,
325 5532 440 5602 indeque
459 5529 578 5602 pendens
593 5531 671 5600 indes
686 5530 764 5585 debet
781 5545 811 5583 sc
828 5529 862 5582 de
878 5528 963 5596 quali·
1011 5539 1081 5580 sunt.
1099 5525 1281 5582 discinduntur
1298 5546 1362 5600 ergo
1384 5529 1418 5584 als
1440 5530 1490 5586 lucc
1513 5531 1644 5589 beneficio
1662 5533 1741 5592 lalliti
1760 5554 1830 5593 mer-

140 5631 187 5676 tate
202 5635 332 5691 pennoso
350 5617 388 5670 ita
407 5615 575 5682 informare,
594 5625 621 5671 et
637 5616 787 5678 instmere,
806 5622 835 5666 ct
850 5609 963 5663 omniuo
1011 5619 1127 5678 catores,
1147 5612 1314 5677 decoctores,
1334 5623 1360 5666 et
1379 5613 1618 5686 baumesuptores,
1637 5621 1683 5690 qui
1702 5638 1749 5676 sco
1767 5623 1831 5678 vitio

138 5700 316 5774 secudans
331 5709 527 5774 ,minutum
547 5715 596 5756 nes
612 5700 723 5774 penitus
749 5703 863 5754 remssu
883 5691 961 5747 Sem·
1012 5699 1040 5748 et
1058 5693 1122 5748 lusu
1141 5693 1208 5749 bona
1226 5693 1405 5768 dilapidarunt
1415 5697 1533 5770 aliosque
1547 5715 1633 5756 secum
1649 5702 1831 5764 fraudulenter
