4476 6274
257 277 309 345 549
648 279 699 335 tte·
714 281 806 338 tutte
824 282 1019 342 nttttittttttt
1038 285 1214 342 NOBlLthl
1233 283 1270 340 lii
1289 281 1444 341 GENRRE.
1785 297 1837 348 552

205 376 253 433 An
262 373 343 429 vidam
356 371 429 432 inre
442 393 547 434 annunt
559 375 761 434 lactannadere
768 380 875 452 possit?
886 399 915 434 n.
928 394 971 436 st.
1079 394 1134 438 tnm
1148 385 1328 449 contraxerit,
1341 396 1366 438 ιι
1378 383 1418 438 sin
1428 401 1459 440 eo
1471 391 1577 438 mortun
1590 383 1680 442 reditu
1699 385 1825 458 indignas
1839 408 1893 446 stou

208 461 319 514 Poenae
331 460 384 513 sid.
396 459 472 516 instra
485 480 592 518 annuns
607 462 694 518 lacteas
706 463 871 520 nubentium.
884 481 909 519 n.
926 474 968 518 ιι.
1076 469 1150 522 enlm
1164 469 1214 540 ipsi
1229 479 1338 540 propter
1350 470 1474 526 delictum
1488 469 1648 540 injunctum,
1660 482 1691 525 ut
1703 487 1824 542 acquuur
1836 492 1893 526 sua·

206 543 297 598 dimit.
310 564 339 598 ιι.
355 557 398 598 ιι.
1080 553 1183 618 ritum,
1203 552 1248 606 sed
1267 562 1297 604 ut
1315 553 1519 606 matrimonium
1545 553 1617 606 inter
1635 572 1680 608 cos
1704 556 1872 612 continuetur
1883 595 1893 622 ,

209 631 257 681 An
269 629 323 684 ltoe
332 646 437 694 poenae
446 628 508 700 p'nre
519 647 618 684 cauom
629 629 754 686 sndhstae
766 631 841 686 sinti
854 650 882 687 n.
895 646 941 688 ιιι.
1078 639 1150 700 cuius
1169 637 1267 692 intuitu
1287 637 1401 705 rigidior
1421 639 1518 690 marito
1536 655 1619 708 poena
1639 637 1751 692 remissa
1768 649 1819 704 estc
1831 659 1895 712 qua·

206 714 269 768 tlon
281 714 377 767 colunt
388 713 431 766 art
446 731 472 766 n·
488 725 530 766 ιι.
1078 730 1186 789 qaropter
1205 722 1291 774 soluto
1310 721 1485 774 matrimonio
1503 721 1573 774 liber
1592 721 1643 793 ipsi
1665 720 1768 774 reditus
1784 723 1895 794 patebit.

206 795 290 848 Indo
306 813 362 848 non
373 797 460 850 subsit
473 805 560 850 metus
573 797 736 852 turbationis
747 799 898 872 sangoinis.
910 820 938 854 n.
954 815 996 858 ιι.
1080 803 1347 875 lienoncubinaqu.
1367 822 1399 858 sn
1419 804 1529 858 ethaeo
1553 815 1612 876 post
1637 815 1747 858 mortem
1767 806 1893 860 concubi·
1931 805 1944 845 ¹

205 877 239 930 ln
251 877 381 934 Souania
390 877 476 934 uidua
490 879 563 933 intra
574 899 678 936 annam
690 883 777 940 lactus
787 885 887 938 nudare
900 903 959 939 non
967 897 1027 956 pot·
1078 887 1148 940 uarii
1176 888 1257 958 digua
1282 889 1319 941 sit
1344 888 1438 944 uiduae
1463 887 1594 942 nomine?
1610 890 1681 958 quod
1704 889 1816 944 omniun
1835 905 1892 960 neg.

240 976 328 1019 estu.
344 978 384 1020 tt.
1076 987 1135 1022 curn
1155 972 1314 1043 nequidem
1335 974 1396 1039 jure
1418 972 1472 1027 cir.
1492 974 1583 1028 uxoris
1610 972 1685 1026 titulo
1704 971 1786 1038 digna
1812 975 1893 1028 sesti·

203 1049 351 1117 monendis
363 1051 554 1108 istroannnm
566 1051 655 1108 tactas
667 1053 748 1108 vidua
760 1054 923 1109 contrahere
931 1064 1026 1124 potest.
1078 1066 1145 1108 mats
1165 1056 1267 1122 luerit,
1280 1059 1351 1127 quod
1370 1065 1479 1127 apparet
1497 1075 1529 1109 es
1548 1057 1567 1108 l.
1588 1065 1630 1110 ts.
1650 1062 1671 1118 ι.
1687 1057 1781 1128 parui.
1794 1055 1828 1110 de
1841 1057 1892 1127 leg.

239 1152 268 1186 n.
281 1144 325 1188 ⁸⁰·
1077 1153 1103 1194 ι.
1123 1143 1167 1195 ubi
1187 1144 1316 1214 Ulpianus
1341 1144 1399 1206 sit,
1423 1158 1531 1193 uxorem
1557 1159 1571 1192 ι
1599 1140 1744 1194 concubina
1761 1139 1893 1208 dignitate

202 1216 489 1288 marcommannas
500 1219 681 1288 periculosum
692 1221 735 1274 sit.
749 1239 778 1278 tt.
791 1234 834 1278 tt.
1075 1225 1200 1290 differres
1217 1226 1287 1296 quod
1307 1224 1386 1280 hodie
1406 1225 1489 1276 multo
1508 1223 1593 1292 magis
1612 1221 1748 1294 procedit,
1767 1240 1827 1275 curn
1845 1239 1892 1276 es·

203 1300 389 1371 Ansoem'na
406 1323 455 1372 per
475 1315 589 1376 pactam
602 1316 755 1376 morganat.
775 1305 864 1362 nobili
873 1307 1025 1380 junctuttt'·
1077 1321 1116 1364 tra
1146 1312 1345 1368 matrimonium
1372 1311 1442 1364 nullu
1473 1307 1624 1374 conjunctio
1654 1308 1729 1360 licita
1759 1308 1816 1370 sit,
1844 1307 1891 1360 sed

215 1390 288 1444 duaa
301 1390 520 1445 nomineoeniat.
534 1408 564 1442 ιι.
579 1401 623 1444 ιι.
634 1405 708 1462 seqq.
1074 1394 1183 1464 penitus
1207 1397 1349 1452 damnetur
1367 1399 1397 1450 r'n
1416 1392 1541 1448 ordinat·
1561 1392 1640 1463 polit.
1658 1392 1692 1447 da
1709 1407 1783 1446 anno
1812 1399 1890 1443 tsts.

206 1473 327 1542 (lainam
341 1473 477 1529 nobilium
489 1473 667 1545 appellatione
678 1472 810 1530 veniant?
820 1492 847 1528 tt.
861 1485 905 1528 et.
916 1489 987 1544 seqq.
1073 1479 1113 1532 sis.
1134 1489 1178 1532 ιι.

201 1559 280 1613 Jura
294 1558 446 1615 viduorum
459 1560 594 1614 notitiam
606 1558 736 1614 etiamad
745 1559 864 1614 illustres
878 1562 1022 1628 pertenent.
1109 1561 1162 1616 Sed
1174 1560 1238 1632 quid
1257 1561 1290 1614 de
1309 1578 1404 1634 sponsa
1423 1561 1498 1628 cujus
1516 1575 1629 1631 sponsus
1646 1567 1709 1614 ante
1725 1559 1889 1617 benedictio·

237 1660 266 1696 ιι.
286 1653 329 1702 se.
1074 1663 1134 1700 nem
1152 1646 1337 1700 sacerdotalem
1357 1645 1472 1698 decessit
1490 1644 1650 1708 dicendum,
1670 1662 1702 1696 an
1720 1654 1749 1697 ιι
1768 1643 1890 1698 Ιιιιιιιο-

1073 1731 1146 1782 mine
1165 1729 1258 1784 viduae
1277 1730 1364 1783 veniat
1381 1743 1524 1798 casumque
1541 1727 1644 1796 juribus
1660 1725 1791 1796 gandeat,
1809 1743 1888 1796 quaa·

199 1755 264 1862 De
282 1810 342 1879 jure
358 1807 496 1864 viduarum
519 1809 651 1864 nobilium
679 1827 712 1864 ιι
738 1809 879 1864 Marchise
905 1812 1022 1866 moribus
1073 1809 1162 1865 ritus?
1181 1812 1258 1883 Quod
1276 1808 1377 1866 albrat.
1395 1810 1592 1881 ridetur,quis
1606 1825 1659 1863 nnn
1672 1819 1775 1864 tantum
1788 1809 1889 1881 dejure

197 1893 302 1957 acturi,
320 1893 473 1965 priusquam
493 1894 525 1948 sd
544 1895 595 1948 alia
615 1895 807 1958 deveniamus,
824 1894 940 1965 primum
959 1897 1019 1965 qui·
1075 1892 1128 1949 div.
1146 1897 1279 1967 sponsalia
1297 1897 1330 1948 de
1348 1896 1481 1966 praesenti
1500 1913 1551 1966 pro
1570 1894 1683 1964 perlecto
1699 1894 1822 1962 mnjugio
1841 1897 1887 1948 ha·

198 1975 260 2027 dem
280 1976 355 2030 circa
374 1975 567 2030 dirivationem
586 1976 703 2032 vocabuli
724 1976 818 2029 viduae
836 1977 947 2030 solliciti
964 1994 1020 2031 esse
1072 1975 1184 2043 tentor,
1202 1977 1270 2050 qnod
1290 1980 1418 2050 probatur
1436 1995 1468 2032 ex
1487 1980 1597 2048 digestis
1615 1977 1710 2041 sacris,
1728 1989 1758 2032 ut
1776 1981 1887 2034 Denter.

197 2061 379 2125 deberemus,
397 2077 457 2113 curn
476 2080 537 2115 saro
562 2062 612 2116 boc
637 2063 770 2133 propositi
790 2063 875 2116 nostri
893 2079 946 2116 non
965 2063 1019 2127 sit,
1073 2073 1115 2116 ιι.
1136 2079 1159 2116 o.
1181 2072 1223 2115 ιι.
1241 2063 1288 2116 ubi
1308 2080 1405 2132 sponsa
1423 2065 1571 2134 appellatur
1590 2078 1673 2127 uxor,
1691 2061 1756 2131 quin
1776 2074 1803 2115 et
1821 2079 1886 2118 con·

196 2147 246 2200 diu
266 2165 314 2202 uns
332 2147 403 2201 circa
423 2147 503 2212 talin,
522 2163 587 2217 quae
606 2164 700 2217 pssum
720 2147 844 2200 utilitatis
860 2148 886 2198 iu
903 2144 1020 2200 loroba-
1068 2144 1131 2211 jux,
1157 2145 1257 2199 Motth.
1285 2157 1308 2197 t.
1333 2155 1465 2199 vernet.
1492 2146 1537 2199 ubi
1564 2147 1679 2216 Angelus
1705 2146 1815 2200 Domini
1838 2150 1886 2201 Jo-

196 2233 278 2301 bent,
298 2234 439 2298 detinere,
460 2233 573 2303 ideoque
592 2245 618 2286 ut
637 2233 798 2302 prolixiores
817 2231 862 2284 bio
879 2246 1017 2294 esseums,
1069 2227 1151 2297 sepho
1170 2228 1256 2280 disits
1276 2229 1331 2284 noti
1352 2229 1447 2283 timere
1471 2230 1593 2301 accipere
1617 2229 1731 2283 Mariam
1748 2233 1886 2300 conjugem

192 2317 428 2390 operaepretium
450 2332 504 2370 non
523 2315 664 2376 duximusr
682 2323 798 2368 attamen
813 2314 923 2368 nehaec
940 2313 1020 2382 plane
1070 2321 1158 2378 tuam,
1177 2321 1206 2365 et
1226 2313 1293 2366 Gen.
1315 2325 1355 2368 ιι.
1374 2333 1398 2368 a.
1421 2324 1460 2367 ιι.
1478 2313 1523 2366 ubi
1543 2329 1654 2384 sponsus
1671 2328 1753 2385 gener
1770 2314 1884 2384 diciturq

194 2400 267 2454 sicco
287 2400 460 2470 praeteriisse
478 2401 546 2470 pede
564 2399 718 2464 rideamus,
736 2397 877 2468 opiniones
890 2413 1016 2467 quorum·
1068 2397 1116 2448 ted
1134 2407 1163 2450 et
1181 2414 1214 2451 ιι
1240 2400 1299 2467 jure
1322 2415 1416 2454 moon.
1434 2417 1456 2452 o.
1477 2409 1502 2450 ι.
1520 2399 1555 2450 Χ.
1573 2395 1607 2450 cle
1622 2399 1743 2467 sponsal.
1761 2415 1784 2450 ι.
1804 2411 1827 2449 ι.
1847 2402 1881 2456 Χ,

190 2484 272 2550 doum
288 2483 357 2537 unde
369 2482 499 2537 nimirum
518 2482 711 2536 derivationem
729 2483 822 2538 viduae
837 2492 937 2552 petsut,
951 2501 1015 2552 pau·
1067 2480 1101 2538 de
1112 2497 1232 2538 convers.
1249 2484 1356 2557 conjug.
1371 2487 1435 2538 ltem
1452 2483 1511 2552 jure
1525 2482 1615 2550 civili,
1634 2483 1653 2535 l.
1670 2485 1697 2534 ιι·
1711 2500 1822 2554 sponsa.
1838 2496 1881 2538 tt.

192 2569 235 2624 cis
255 2567 490 2641 perlustrabimns·
509 2567 564 2622 loti
583 2585 642 2621 esna
661 2566 783 2623 derivant
796 2587 809 2622 s
823 2586 853 2622 ne
864 2577 890 2622 et
901 2567 1015 2634 sinitote,
1057 2566 1100 2636 ffi
1118 2566 1153 2622 de
1168 2568 1230 2638 inre
1246 2567 1303 2624 dot.
1318 2570 1337 2621 l.
1349 2569 1439 2624 labeo·
1460 2581 1484 2622 s.
1501 2570 1522 2636 ἕ.
1541 2581 1564 2622 ι.
1572 2567 1614 2638 Ι
1631 2566 1665 2622 tle
1677 2566 1787 2640 prdit.
1799 2579 1826 2622 et
1839 2570 1884 2640 as·

191 2655 345 2712 taroteons
356 2654 387 2708 s'n
401 2653 420 2707 l.
435 2663 465 2704 ιι
473 2663 497 2704 ι.
516 2659 537 2716 ς.
552 2652 663 2706 uiduam
677 2663 701 2704 ι.
706 2650 744 2720 Ι.
756 2649 790 2705 sle
801 2670 824 2706 ι.
836 2671 857 2704 ι.
868 2653 944 2723 qussi
956 2653 1017 2707 sine
1062 2651 1142 2717 finib.
1162 2653 1208 2706 ubi
1226 2653 1318 2724 generi
1330 2663 1357 2708 et
1369 2670 1452 2709 nurus
1465 2652 1642 2724 appellatione
1655 2668 1767 2720 sponsus
1779 2669 1883 2722 quoque

190 2739 312 2804 dnitsta,
329 2737 399 2790 siout
416 2753 527 2802 nacon,
545 2751 672 2800 manns,
691 2736 765 2806 quusi
786 2737 860 2790 dicat
878 2737 936 2790 sina
955 2755 1014 2792 eor-
1065 2745 1092 2792 at
1109 2754 1206 2808 sponsa
1224 2739 1395 2794 continentur
1407 2755 1415 2802 ι
1428 2753 1488 2790 cnm
1500 2753 1644 2790 consensus
1657 2754 1711 2790 non
1724 2738 1881 2792 concubitus

189 2825 242 2891 de,
263 2825 323 2877 siue
340 2823 459 2878 sanitate.
477 2821 543 2875 Cum
561 2823 635 2876 enim
655 2821 857 2876 matrimonium
876 2824 914 2878 sit
930 2842 1016 2895 neque
1065 2824 1261 2877 matrimonium
1276 2821 1366 2886 iaciat,
1379 2823 1398 2874 l.
1411 2823 1529 2888 nnpts'os.
1543 2818 1672 2889 ιι.Ι.ιὶι
1684 2837 1706 2874 r.
1720 2841 1746 2872 rs.
1757 2823 1776 2873 l.
1794 2833 1833 2872 ta.
1837 2815 1880 2890 Ι

188 2908 312 2981 plurium
338 2924 422 2978 neque
447 2907 602 2978 pauciorum
624 2923 702 2977 quam
727 2906 861 2972 duorum,
886 2908 905 2960 l.
933 2921 956 2962 ι.
971 2906 1014 2977 Ι.
1063 2905 1413 2964 ascomannorum.
1427 2915 1487 2960 t.et
1503 2900 1592 2974 ιι.Ιῖ
1609 2903 1643 2958 sle
1660 2905 1882 2974 sponsallleust.

189 2994 225 3048 sle
244 2993 289 3046 rit.
308 3003 386 3059 nupt.
405 2993 429 3059 §.
449 3005 473 3046 t.
487 2991 510 3062 i.
529 2991 563 3046 de
579 3001 650 3062 patr.
666 3000 762 3060 potest·
781 3006 944 3060 consequeus
955 3002 1012 3054 est,
1064 3002 1098 3044 tr.
1106 2992 1139 3044 de
1147 2991 1268 3060 sponsal.
1280 3009 1305 3045 ι.
1317 3004 1358 3046 tu.
1367 2989 1399 3045 tu
1410 2989 1439 3042 in
1452 2991 1540 3044 multis
1551 2988 1683 3060 sponsalis
1694 2991 1735 3058 jus
1747 2990 1880 3043 matrimo-

190 3087 223 3132 nt
242 3095 312 3148 quaa
330 3077 389 3130 aina
413 3093 445 3130 ιι
470 3077 575 3132 duitste
597 3085 655 3142 est,
680 3075 758 3129 rislua
784 3075 935 3140 habeatur,
955 3075 1014 3132 uid.
1064 3075 1104 3130 nii
1117 3076 1247 3144 babeant,
1260 3077 1278 3130 l.
1294 3088 1318 3129 ι.
1330 3093 1353 3130 c·
1367 3074 1400 3130 sle
1413 3075 1476 3128 bon.
1494 3093 1563 3147 qnae
1574 3075 1650 3130 liber.
1663 3075 1781 3144 Namque
1794 3085 1821 3128 et
1832 3091 1882 3142 per

189 3160 339 3218 Goeddcus
356 3178 453 3216 corum.
472 3161 510 3216 od
520 3162 547 3215 d.
565 3161 585 3214 l.
599 3169 660 3212 ιιι.
668 3157 710 3230 ff
728 3157 763 3212 de
779 3177 803 3212 n.
821 3174 843 3213 s.
863 3160 919 3212 stit
932 3162 1012 3214 sliam
1064 3177 1094 3214 ea
1107 3157 1228 3218 affinitas
1243 3171 1375 3217 contracta
1388 3173 1523 3228 ιιιιιιιιιι,
1539 3161 1558 3214 l.
1571 3174 1594 3215 a.
1612 3171 1639 3214 et
1657 3157 1732 3230 ι.Ι.
1750 3161 1783 3215 de
1797 3157 1879 3230 grad

190 3247 375 3303 tradiderunt
392 3245 488 3301 viduas
504 3245 690 3309 notationem,
708 3243 837 3298 ducentes
855 3260 913 3298 eam
926 3264 941 3298 ι
953 3263 1013 3315 par·
1063 3256 1090 3299 et
1107 3243 1191 3320 qffin
1208 3246 1322 3301 Notatur
1340 3255 1368 3300 at
1385 3245 1498 3300 infamis
1511 3281 1520 3312 ,
1534 3247 1581 3316 qui
1599 3245 1675 3300 binas
1701 3245 1791 3300 eodem
1813 3256 1881 3300 tem-

186 3333 276 3388 tieula
295 3347 327 3386 oa
345 3339 373 3384 et
389 3329 501 3400 antiquo
515 3329 593 3384 verbo
610 3328 709 3384 iduare
724 3328 794 3399 quod
813 3328 934 3384 dividere
944 3329 1012 3383 olim
1063 3347 1127 3400 porc
1144 3347 1252 3403 sponsas
1270 3331 1365 3399 habet,
1383 3339 1412 3383 ut
1429 3331 1468 3396 is,
1487 3331 1533 3402 qui
1552 3330 1618 3384 duas
1635 3347 1733 3385 uxores
1751 3331 1809 3396 alit,
1821 3333 1838 3384 l.
1856 3345 1879 3385 ι.

186 3415 380 3490 significabat,
399 3426 431 3470 ιιι
448 3417 530 3469 solans
549 3432 607 3470 earu
627 3414 768 3467 mulierem
788 3411 932 3484 significet,
945 3432 1010 3485 qnae
1052 3410 1094 3481 Ι.
1108 3412 1141 3466 de
1157 3415 1198 3466 lais
1215 3415 1263 3485 gni
1278 3424 1386 3470 notant.
1403 3412 1457 3485 iuss
1475 3416 1591 3486 Sponsae
1607 3431 1710 3485 quoque
1728 3422 1759 3469 ut
1783 3415 1878 3469 uxoria

184 3525 202 3559 ι
223 3504 324 3557 ιιιιιίιο
342 3518 390 3555 suo
408 3500 494 3554 divisa
510 3499 548 3554 sit
567 3509 652 3555 morte
664 3506 711 3551 aut
723 3498 858 3564 divortio,
872 3515 940 3568 quse
952 3516 1011 3554 sen·
1062 3497 1160 3553 landus
1178 3499 1290 3553 alienari
1308 3515 1361 3552 nou
1374 3509 1477 3570 potest,
1489 3500 1506 3551 l.
1525 3495 1592 3566 ι.Ι.
1610 3496 1749 3567 dsjisndo
1764 3497 1819 3550 dot·
1835 3497 1877 3551 Si·

186 3591 278 3646 tentia
298 3587 379 3642 etiam
395 3584 499 3639 Alcisto
517 3585 603 3654 placet
621 3583 650 3636 in
663 3583 681 3634 l.
696 3592 756 3636 ιιι.
770 3589 798 3646 t.
817 3595 843 3638 ι.
851 3581 895 3652 Ι.
911 3583 945 3637 de
956 3601 980 3638 ι.
991 3603 1011 3640 s.
1062 3581 1163 3636 militer
1183 3597 1295 3652 sponsus
1317 3598 1428 3652 sponsae
1451 3591 1482 3636 ut
1507 3587 1618 3637 maritus
1642 3582 1733 3635 uxoris
1760 3581 1876 3650 injurias

184 3673 237 3729 alli
252 3672 321 3728 alias
332 3679 464 3742 quaerunt
475 3665 671 3732 derivationes,
688 3683 754 3735 quas
768 3683 834 3734 nos,
850 3668 891 3719 uti
904 3669 958 3737 jam
971 3667 1011 3720 di·
1060 3665 1183 3738 prosequi
1201 3675 1302 3737 potest,
1319 3665 1337 3716 l.
1355 3665 1418 3718 ιἰιιιι
1438 3665 1511 3735 apud
1528 3667 1677 3721 labeonem.
1695 3676 1735 3718 tt.
1754 3672 1775 3729 ι.
1794 3683 1875 3737 spon-

184 3771 283 3824 ctum,
301 3755 390 3811 studio
411 3753 561 3819 mittimus,
580 3761 609 3804 et
626 3750 707 3815 aliis,
723 3749 821 3821 quibus
840 3751 934 3823 volupe
951 3760 1009 3818 est,
1059 3767 1128 3804 snm.
1148 3759 1190 3802 ιι.
1198 3747 1238 3818 Ι.
1256 3745 1290 3800 de
1307 3748 1393 3821 injur.
1411 3749 1446 3802 Et
1462 3749 1633 3821 priuilegium
1652 3749 1743 3804 uxoris
1761 3765 1875 3818 epotasse

182 3841 377 3914 relinquimus.
397 3837 521 3894 sumitur
540 3851 603 3890 vero
621 3832 775 3889 vocabulum
793 3833 888 3890 eidnec
905 3836 946 3890 vel
959 3836 1011 3890 late
1057 3849 1163 3903 quoque
1179 3833 1322 3904 competiit
1341 3834 1358 3886 l.
1379 3829 1472 3902 ιι.Ι.
1489 3835 1600 3906 dejure
1616 3833 1673 3887 dot.
1691 3835 1771 3886 ltlsrt.
1791 3831 1876 3886 Beue·

183 3945 235 3982 seu
256 3921 438 3996 generaliter,
454 3921 497 3975 vel
516 3920 610 3972 stricte
628 3933 673 3971 sen
692 3918 859 3988 specialium
873 3920 895 3972 si
909 3920 1010 3989 specis·
1059 3915 1187 3972 tentorii.
1202 3917 1240 3974 ad
1250 3918 1268 3970 l.
1282 3917 1348 3988 ²·ffi
1368 3919 1400 3974 de
1414 3936 1437 3972 r.
1445 3920 1470 3991 ι’.
1478 3919 1548 3990 soll.
1566 3933 1589 3974 ι.
1602 3919 1712 3974 membr.
1728 3929 1750 3972 t.
1760 3929 1832 3990 port.
1851 3931 1876 3974 ι.

180 4011 254 4063 litet·
271 4006 408 4076 capiatur,
427 4003 527 4058 dicitur
544 4003 577 4055 de
595 4001 640 4058 tsli
660 4017 758 4067 uxore,
770 4019 836 4070 quaa
855 4011 939 4055 morte
957 4019 1010 4055 ma·
1058 4012 1110 4056 art.
1126 4013 1147 4055 t.
1164 4018 1209 4054 on.
1225 4011 1248 4056 ι.
1263 4001 1300 4056 ad
1311 4021 1339 4054 ιι.
1353 4004 1500 4056 ιι.-Μιιιιι
1511 4021 1534 4056 ι.
1546 4011 1663 4068 ιιιιιιιιι,
1675 4001 1705 4054 in
1719 3999 1872 4056 isvnrsbili-

178 4094 236 4148 riti
254 4091 389 4146 avinculo
407 4087 536 4157 conjugali
555 4094 597 4140 est
614 4088 713 4150 soluta,
727 4085 828 4140 ethaeo
844 4087 953 4156 proprie
966 4104 1010 4140 ro·
1058 4085 1106 4140 bus
1119 4085 1276 4156 regulariter
1293 4087 1404 4141 nomine
1422 4085 1514 4140 uxoris
1531 4086 1622 4142 venire
1639 4085 1720 4139 etiam
1738 4101 1874 4158 sponsam,

183 4187 267 4230 catur
290 4173 388 4235 vidua,
411 4173 539 4226 German.
561 4171 637 4224 Eine
666 4171 779 4234 the,
805 4172 948 4233 Ws'traur
966 4171 1008 4226 sin
1058 4169 1871 4240 etnominemsritietiamsponsum‚b.du.Brunn.aomm.

182 4275 251 4316 ιιιο
265 4255 427 4327 generaliter
446 4264 472 4308 et
491 4256 560 4322 late,
574 4265 636 4308 tuno
649 4253 700 4308 sub
713 4273 743 4307 ea
756 4272 808 4310 uon
824 4265 925 4307 tautum
938 4272 1010 4308 com·
1058 4256 1116 4310 cod.
1129 4256 1166 4310 od
1175 4255 1194 4308 l.
1205 4268 1228 4310 ι.
1241 4256 1274 4309 de
1292 4255 1353 4310 bon.
1374 4275 1442 4328 pane
1461 4254 1535 4308 liber.
1553 4273 1581 4307 ιι.
1602 4263 1626 4306 ι.
1646 4253 1718 4306 Gaii.
1734 4251 1753 4306 l.
1775 4261 1799 4304 ι.
1818 4253 1873 4306 obs.

182 4341 367 4415 prehenditur
381 4355 463 4404 uxor,
475 4356 543 4409 quae
556 4338 641 4392 virum
660 4336 768 4407 quidem
782 4338 876 4402 habat,
890 4337 935 4390 scd
949 4337 1008 4392 inu·
1059 4355 1100 4396 to.
1113 4361 1141 4395 ιι.
1157 4354 1180 4394 ι.
1195 4342 1257 4395 licet
1271 4341 1367 4394 nullibi
1387 4341 1416 4394 in
1435 4339 1579 4394 Germanis
1595 4341 1632 4392 ita
1645 4338 1793 4403 obseruari,
1814 4347 1870 4392 tra·

183 4428 268 4480 tilem
287 4425 371 4478 Glosa.
390 4423 421 4478 in
438 4423 524 4476 l.‘nlt.
541 4439 565 4474 ι.
584 4419 623 4474 ad
638 4421 656 4474 l.
666 4421 732 4491 sab.
749 4422 784 4475 de
797 4421 1007 4493 plags'or·Fria-
1057 4425 1103 4480 dat
1119 4427 1222 4480 Theod.
1240 4427 1357 4498 llbping.
1381 4425 1415 4480 de
1431 4426 1489 4501 jur.
1509 4427 1676 4498 insigniunt,
1700 4439 1723 4478 ι.
1749 4435 1773 4474 ι.
1797 4430 1820 4488 ς.
1845 4437 1868 4478 e.

181 4513 247 4568 der.
269 4509 416 4563 Prukntatt.
439 4508 471 4561 de
495 4505 631 4578 different.
649 4505 830 4561 intermanet
848 4507 1006 4574 etJitemt'n·
1058 4529 1085 4565 ιι.
1105 4523 1164 4568 tto.

177 4617 208 4668 p.
226 4607 253 4647 ι.
269 4605 324 4650 art.
344 4606 366 4646 ι.
379 4611 405 4646 ιι.
420 4603 444 4643 ι.
457 4608 546 4647 terum
560 4594 640 4645 etism
662 4590 753 4658 tirgn,
772 4607 820 4660 per
833 4590 851 4642 l.
867 4600 927 4643 ιιι.
941 4587 965 4662 5.
984 4602 1008 4644 ι.
1094 4595 1170 4666 Qtsod
1191 4605 1335 4648 vernantes
1353 4593 1507 4647 dicebamus
1524 4591 1692 4664 priuilegium
1706 4591 1777 4647 dotis
1789 4593 1869 4648 etiam

127 4725 139 4763 ὅ
167 4679 214 4750 Ιῖ
236 4680 272 4733 de
285 4695 313 4732 n.
331 4697 351 4730 s.
364 4675 390 4731 b.
409 4677 456 4730 dn.
471 4675 689 4728 Bruon.eornm.
708 4671 767 4726 cod.
780 4672 819 4724 od
829 4671 847 4724 l.
861 4691 909 4726 nn.
921 4690 1008 4744 quan·
1057 4696 1168 4750 sponsae
1185 4688 1357 4749 competere,
1374 4677 1425 4732 boc
1444 4695 1498 4732 non
1520 4677 1578 4730 sina
1603 4687 1813 4748 temperamento
1830 4681 1872 4733 in·

179 4763 219 4818 do
235 4765 302 4832 imp.
315 4760 364 4815 int.
378 4760 504 4815 miserat.
517 4775 586 4830 pers·
600 4777 627 4810 n.
644 4769 668 4809 t·
682 4757 817 4810 Similiter
831 4773 941 4810 uxorem
956 4757 1006 4812 titi
1058 4763 1190 4817 tellectum
1209 4764 1336 4818 volumus.
1355 4763 1483 4831 Quamvis
1500 4762 1572 4814 enirn
1592 4761 1821 4832 Hermogenisnus
1839 4763 1869 4820 iu

178 4845 300 4915 ‘edentii
319 4843 426 4898 lidum
445 4843 516 4908 ‘istis
535 4853 656 4896 metunt
672 4841 758 4894 Fclin.
770 4843 799 4894 t‘tt
811 4859 835 4894 a.
845 4839 1008 4914 signefican-
1054 4847 1072 4899 l.
1085 4847 1110 4900 ss'
1118 4863 1228 4918 sponso.
1244 4855 1285 4899 ιι.
1288 4843 1331 4916 Ι.
1343 4844 1377 4900 de
1382 4847 1441 4919 jur.
1454 4845 1510 4899 dot.
1522 4843 1693 4915 privilegium
1711 4848 1814 4898 ratione
1827 4862 1868 4900 re·

181 4930 269 4985 tibus.
288 4928 323 4982 Χ.
341 4927 375 4980 de
393 4925 470 4998 offis.
489 4925 572 4997 deleg.
592 4944 620 4980 n.
641 4936 665 4978 ι.
691 4925 766 4978 Gall.
784 4925 803 4977 l.
825 4936 849 4980 ι.
866 4926 921 4979 obs.
938 4937 960 4979 ι.
977 4943 1005 4980 n.
1055 4931 1186 5003 petendae
1204 4930 1277 4983 dotis
1295 4946 1408 5000 sponsae
1425 4929 1563 4993 concedat,
1578 4947 1630 4984 nun
1651 4942 1738 4984 tsruen
1753 4930 1802 4984 hoc
1816 4931 1869 5003 pla·

171 5023 229 5066 ιι.
247 5011 359 5066 Pruhm.
371 5029 395 5064 n.
408 5022 433 5065 ι.
445 5026 521 5064 cons.
537 5022 578 5062 tt.
591 5028 619 5062 n.
633 5021 676 5064 ιι.
1054 5031 1088 5066 oe
1106 5011 1194 5066 simile
1211 5022 1254 5067 est
1271 5015 1364 5067 uxoris
1381 5013 1525 5084 privilegio
1536 5015 1577 5068 rel
1590 5013 1691 5069 viduae.
1710 5017 1782 5068 llaec
1793 5017 1866 5070 enim

221 5093 372 5166 Quaeritur
390 5102 481 5148 sutem
499 5094 570 5146 ciras
589 5093 654 5158 hoc,
672 5107 706 5144 an
725 5106 792 5146 uxor
809 5108 875 5160 quse
886 5089 921 5144 ob
932 5090 1005 5148 adul·
1053 5095 1179 5150 omnibus
1196 5097 1307 5150 omnino
1324 5095 1503 5150 oreditoribus
1522 5096 1685 5168 praelectus,
1698 5097 1715 5150 1.
1731 5109 1770 5151 ιι.
1783 5117 1807 5150 ι.
1820 5103 1870 5170 qna*

178 5181 288 5236 terium
308 5187 398 5232 secuts
418 5176 561 5244 maritum,
581 5194 612 5230 eo
631 5186 736 5232 mortun
753 5175 841 5247 possit
860 5173 1004 5234 revertiiet
1050 5193 1106 5252 pot.
1118 5181 1147 5235 in
1164 5183 1273 5250 ps'guor.
1294 5181 1411 5252 Sponsae
1428 5197 1489 5236 sero
1506 5182 1643 5252 personale
1661 5190 1763 5236 tautum
1784 5185 1867 5254 prior.

178 5281 262 5334 resp.
281 5258 382 5316 ailirm.
400 5261 464 5332 qnia
484 5269 569 5314 cessat
585 5261 671 5326 ratio,
689 5257 762 5314 lavor
781 5258 847 5313 nim.
866 5263 1004 5317 suatrimo-
1054 5265 1152 5334 legium
1173 5261 1298 5316 tribuitur
1309 5260 1335 5314 d.
1348 5262 1368 5314 l.
1379 5264 1406 5316 ιιΙ
1414 5277 1526 5334 moneo.
1539 5271 1583 5314 ιι.
1593 5263 1645 5318 vid.
1659 5263 1751 5335 Carpe.
1762 5285 1788 5332 p.
1803 5275 1826 5316 ι.
1841 5283 1864 5320 ι.
1905 5283 1931 5325 η

178 5347 245 5409 nii,
266 5343 302 5399 ob
319 5361 397 5416 quem
415 5359 482 5397 uxor
500 5342 665 5398 intercedens
688 5361 740 5414 pro
762 5343 859 5398 marito
882 5343 1003 5400 adultero
1054 5347 1132 5400 tad
1149 5359 1171 5400 t.
1185 5346 1304 5417 quamvis
1323 5345 1411 5400 eidem
1430 5345 1573 5417 hypotheca
1592 5347 1690 5414 tacita,
1707 5351 1766 5402 sine
1779 5359 1865 5404 tantan

176 5446 247 5482 ιιιοι
270 5429 412 5498 relegatum
437 5427 572 5482 tenebatur
595 5427 686 5498 sequi,
704 5443 781 5492 eum,
805 5427 903 5482 marito
927 5447 999 5482 rnor-
1053 5431 1225 5503 praelationis
1244 5432 1322 5500 jure,
1340 5442 1430 5502 utpote
1446 5430 1517 5502 qnod
1536 5432 1589 5485 sols
1608 5429 1687 5486 sidua
1705 5430 1785 5484 habet
1804 5449 1866 5502 pro·

176 5525 248 5578 tuo,
268 5513 402 5567 vinculum
419 5529 523 5584 quoque
541 5512 609 5567 illud
627 5515 762 5582 conjugale
779 5510 894 5566 solutum
913 5512 961 5578 sit,
973 5521 1002 5566 ut
1049 5525 1106 5586 pter
1118 5513 1243 5584 obsequia
1254 5515 1315 5578 ills,
1328 5532 1393 5585 quae
1404 5517 1462 5570 vivo
1475 5515 1572 5568 marito
1591 5515 1864 5586 praestitit,concedi

165 5597 218 5656 ,its
238 5606 360 5654 amunta
376 5613 452 5654 teuta
470 5610 554 5656 cesset
571 5617 675 5670 quoque
693 5597 1000 5654 effectuattmcrcuen-
1051 5597 1149 5670 quasit,
1175 5616 1233 5652 eum
1260 5616 1340 5651 omne
1359 5597 1477 5653 debitum
1496 5599 1566 5653 dosia
1585 5599 1652 5652 nano
1670 5617 1799 5654 annexam
1821 5603 1865 5656 hs·

166 5681 265 5750 ,dum,
282 5683 352 5755 quod
371 5683 418 5736 ills
436 5699 487 5754 pro
506 5683 598 5760 mariti
616 5683 713 5743 uettoto
732 5682 998 5748 interemantque
1051 5686 1121 5750 licat,
1135 5691 1160 5736 et
1180 5683 1222 5751 jus
1241 5699 1381 5738 romauurn
1401 5683 1430 5738 iu
1449 5683 1474 5738 d.
1494 5685 1512 5736 l.
1532 5694 1574 5735 ιι.
1595 5693 1695 5736 tanturn
1715 5683 1748 5736 dc
1767 5701 1863 5755 sponsa

344 5767 447 5838 Sttylu't'
467 5767 527 5822 Vol.
545 5769 600 5822 IV.
1608 5779 1638 5820 ta
