4442 6308
260 247 311 298 ,trs

202 367 262 404 roro
282 367 372 404 rrrrtm
395 349 461 404 berse
480 347 642 417 agendarum
659 346 862 416 pneseiuuunu
881 357 935 400 tum
962 345 1026 412 luri·

204 436 274 496 «lius,
295 436 357 504 quiin
375 434 525 487 dorsiinium
546 429 851 501 supereminentium
877 429 1025 501 respublica

204 521 230 568 in
252 519 352 570 cisium
373 518 451 578 bonis
471 519 562 581 liniret,
582 518 775 580 intervertunt,
795 517 822 568 id
841 517 911 586 quod
935 528 1023 568 contra

202 603 268 670 juris
286 603 416 658 rationem
438 614 491 666 est,
511 599 656 656 secundum
669 619 747 672 ιιιιιιιι
761 601 843 655 elteri
856 620 903 674 per
915 603 1028 654 alimum

806 251 854 302 Dii
875 246 990 302 ABUSU
1010 251 1113 306 rums
1136 256 1313 310 DOMlNlCl.

1797 249 1849 306 386

1077 347 1168 418 inique
1187 353 1306 407 cortilitio
1326 353 1421 408 inicrri
1442 356 1548 424 netuli,
1566 355 1785 426 quemadmodum
1807 377 1834 408 ιι.
1857 369 1899 408 ιι.

1078 436 1155 488 modo
1174 437 1284 492 dictum.
1305 442 1435 508 dilegatuc
1455 441 1540 508 igitur
1558 442 1626 508 leges
1644 439 1676 494 ml
1692 443 1822 494 modicum
1835 443 1895 496 abu·

1078 537 1135 574 ιιιιιι
1155 524 1372 592 restringendae,
1390 543 1443 580 ιιιιιι
1462 527 1495 579 nd
1513 544 1650 580 enormem
1669 527 1860 580 extendendae.

882 799 1131 874 CAPUT
1180 797 1222 864 11.

803 1009 855 1074 De
880 1005 990 1072 abttsu
1008 1001 1103 1094 juris
1129 997 1299 1066 ‹lorniniri

435 1208 778 1262 adamanta

200 1375 338 1444 digressio
353 1393 370 1427 a
383 1376 560 1445 gener-olidus
574 1373 613 1428 od
622 1373 759 1440 specialia.
773 1393 800 1428 n.
818 1386 838 1426 t.

199 1460 344 1513 ttertrutus
356 1459 559 1514 institutionum
574 1460 733 1514 adseruato.
749 1477 777 1510 ιι.
792 1469 815 1511 ι.

200 1544 300 1612 Agitrm
321 1543 440 1613 primum
462 1544 495 1596 de
517 1545 603 1600 utruu
623 1544 698 1617 juris
719 1541 827 1595 domini
854 1539 882 1595 in
915 1557 1021 1594 seruos.

233 1647 262 1679 n·
288 1641 311 1681 3.

201 1717 260 1778 (tao
273 1711 371 1765 ordine
384 1709 544 1780 exponitur.
556 1730 583 1764 n.
599 1720 621 1765 ι.

202 1797 280 1850 Unde
292 1801 445 1865 quaeritura
455 1799 575 1851 dominis
577 1797 627 1869 jus
639 1799 668 1849 in
679 1795 800 1851 seruos?
812 1813 839 1848 ιι.
853 1807 877 1847 ι.

196 1884 229 1933 In
243 1885 341 1951 prailius
353 1883 419 1934 olim
431 1879 609 1934 constiterit?
621 1900 649 1934 n.
665 1893 690 1935 ι.

199 1971 245 2018 An
258 1963 557 2033 r'nltumattumsuerr't?
566 1985 595 2018 n.
612 1977 635 2017 t.

196 2056 244 2103 An
252 2051 316 2120 juri
327 2061 447 2104 naturae
459 2049 653 2104 contrarium?
665 2069 694 2104 ιι.
707 2063 733 2104 ι.

194 2135 394 2191 Schneidewin
403 2137 525 2189 rationes
537 2138 747 2190 examinantur·
761 2151 788 2186 ιι.
800 2145 825 2187 ι.

196 2223 339 2275 Genur'nae
352 2221 534 2275 adducuntur.
548 2239 574 2274 ιι.
591 2230 632 2274 to.

192 2309 252 2363 Gur
265 2307 385 2360 dominis
397 2304 544 2358 domestica
553 2303 709 2374 irrrudt'ctio
721 2301 872 2372 permr‘sso?
885 2319 912 2352 ιι.
927 2308 968 2352 st.

192 2393 329 2455 Exemplo
341 2391 432 2461 Syllae
443 2389 635 2461 confirmatur.
649 2407 676 2442 ιι.
692 2401 733 2442 ιι.

193 2479 249 2531 Nec
261 2496 320 2530 non
330 2492 484 2547 poenarum
496 2478 656 2543 grauiorum
676 2475 706 2529 in
724 2491 832 2538 servor,
852 2487 934 2543 quam
954 2468 1017 2522 libe-

229 2578 276 2615 ros
288 2571 465 2616 statutarum.
478 2578 506 2611 ιι.
523 2571 563 2612 ιι.

194 2647 264 2701 Alia
279 2650 362 2701 etiam
375 2649 447 2699 ratio
459 2645 534 2697 illius
548 2640 668 2698 additur.
682 2659 711 2695 n.
728 2651 767 2693 tt.

192 2729 336 2801 Quomodo
352 2731 475 2783 Romani
481 2728 526 2796 J'ur
538 2727 609 2780 illud
613 2743 740 2780 exercere
753 2724 919 2779 debuerint?
933 2743 960 2778 ιι.
975 2734 1015 2776 ιι.

193 2818 330 2868 Rationes
343 2815 465 2884 adempti
467 2812 542 2886 juris
555 2813 631 2867 vitoe
644 2823 670 2866 et
683 2813 757 2865 neris
771 2813 799 2864 in
811 2829 908 2864 servor.
922 2829 949 2860 n.
971 2821 1011 2861 ιι.

189 2902 354 2973 Eterrtplum
377 2897 522 2953 Hadriani
539 2898 680 2950 auaritiam
705 2896 835 2950 dominae
860 2892 1015 2948 coercentis.

227 3005 254 3037 n.
279 2996 318 3035 17.

188 3072 218 3122 A
236 3067 420 3123 Constantino
433 3064 609 3120 caedesserri
618 3063 759 3120 donricidii
765 3082 859 3134 poena
868 3062 1015 3118 vindicata.

227 3171 253 3203 n.
280 3163 318 3204 18.

191 3235 234 3286 Ob
259 3237 394 3304 denegata
426 3237 559 3290 alimenta
588 3232 717 3288 dominus
738 3233 786 3303 jus
810 3249 889 3289 suum
915 3231 1013 3287 amisit.

225 3339 251 3372 n.
277 3333 316 3374 19.

183 3409 242 3461 tter.
252 3424 310 3458 non
324 3403 349 3456 si
359 3411 499 3474 aegrotum
512 3417 617 3454 terrram
630 3400 716 3473 ejecit.
728 3419 755 3452 n.
772 3409 814 3454 to.

186 3493 270 3546 Alter
281 3487 394 3558 effectm
401 3487 474 3558 iuris
496 3486 628 3540 dominici
633 3505 640 3536 ι
666 3486 809 3558 acquisitio
827 3501 878 3553 per
892 3501 1011 3538 servam.

222 3595 250 3628 n·
271 3587 314 3627 dl.

188 3661 285 3732 Qualis
298 3657 466 3729 illasuerit?
480 3679 508 3712 ιι.
525 3669 569 3712 ιι.

183 3745 323 3798 Dominus
338 3744 503 3815 prostituens
525 3742 656 3798 ancillam
665 3739 767 3810 iurein
782 3738 859 3792 illam
878 3737 1009 3804 privabo·

219 3829 288 3882 cru?
302 3845 329 3878 ιι.
346 3839 387 3879 ιι.

180 3914 299 3967 Duobus
308 3911 394 3965 modr'r
406 3909 480 3964 circo
498 3909 740 3963 manumissionem
765 3907 931 3962 abutebatur
941 3907 1010 3980 jure

218 4016 267 4050 suo
280 3995 416 4050 dominus.
428 4013 456 4046 ιι.
475 4005 520 4046 ιι.

179 4080 292 4134 Prioris
305 4080 458 4148 exemplum
476 4077 505 4130 in
524 4093 606 4129 seruo
635 4075 804 4128 manumissa
823 4085 938 4144 propter
955 4093 1010 4128 ιιιι-

217 4175 275 4216 tum
283 4162 396 4234 flagitii
409 4179 463 4230 per
482 4163 560 4214 servi
579 4159 780 4228 confictionem
799 4157 1008 4228 manrsertandi.

219 4266 246 4301 tt.
267 4259 311 4300 ts:

178 4329 353 4388 Posteriorir
364 4327 541 4381 manumissio
554 4329 639 4382 totius
638 4327 776 4397 familiae
797 4327 826 4381 in
844 4336 1008 4383 testamento

217 4426 315 4470 contro
327 4417 360 4469 l.
374 4413 441 4467 Fur·
453 4415 525 4469 Can.
536 4431 564 4466 ιι.
579 4424 623 4468 ιι.

181 4502 272 4570 Quale
290 4500 341 4573 jur
362 4515 414 4569 per·
436 4497 678 4554 manumissionem
702 4510 758 4552 tom
786 4499 1004 4567 manumittenti,

216 4601 301 4652 quam
314 4583 485 4636 manumisso
497 4581 672 4650 quaesitum?
684 4599 712 4634 n.
727 4591 770 4634 ιι.

181 4668 329 4735 Quomodo
340 4683 372 4720 eo
386 4676 494 4734 uterque
506 4665 721 4736 olusussuerit?
734 4685 762 4720 ιι.
778 4677 817 4721 ιι.

178 4756 254 4806 lium
267 4749 356 4807 omnir
368 4750 486 4804 seruitus
498 4750 579 4804 ltotiie
591 4751 718 4808 sublato?
729 4771 756 4805 ιι.
771 4763 815 4803 ιι.

176 4837 299 4905 Proprii
309 4835 433 4890 domines
445 4845 517 4890 certo
531 4847 648 4904 respectu
658 4838 741 4895 serui.
756 4857 783 4892 ιι.
800 4851 841 4892 ιι.

178 4922 245 4974 Non
255 4937 318 4974 vero
330 4919 436 4974 sudditi
444 4920 586 4989 etfamuli
593 4922 690 4976 nostri.
704 4941 731 4975 ιι.
748 4933 789 4973 ιι.

176 5005 224 5058 oe
231 5005 296 5076 jure
308 5005 482 5076 magistratus
494 5004 634 5074 inferioris
646 5005 675 5060 in
687 5005 808 5061 subditos
817 5007 861 5059 tte
881 5007 929 5078 ogi
946 5027 1004 5063 mo-

214 5099 303 5142 netur.
315 5107 344 5140 ιι.
360 5098 404 5142 ιι.

175 5177 213 5228 In
227 5173 327 5242 quidus
334 5173 382 5242 ias
392 5172 559 5230 dominiorum
572 5173 653 5229 lrodie
666 5175 820 5228 consutor?
833 5193 860 5227 n.
878 5189 919 5230 ιι.

174 5259 291 5312 Aturrus
301 5257 351 5313 sub
361 5257 492 5314 saeoitiae
505 5275 567 5313 noce
579 5259 776 5328 comprehendi
785 5270 882 5329 potest.
895 5281 923 5314 ιι.
939 5273 983 5315 ιι.

172 5343 419 5414 Horeturjndee,
444 5362 480 5397 ne
501 5344 653 5415 promiscue
676 5343 848 5400 sudditorum
873 5347 1001 5418 querelor

211 5427 388 5480 adnumera.
403 5439 445 5480 ιι.

172 5513 271 5568 Prima
282 5513 412 5568 comitiae
423 5514 536 5580 species:
549 5515 701 5586 emtigatio.
715 5534 742 5570 ιι.
757 5529 800 5572 ιι.

176 5601 256 5665 Quae
268 5597 380 5651 domino
391 5597 525 5669 permissa
541 5599 596 5652 sit?
607 5620 633 5653 ιι.
651 5612 692 5654 ιι.

175 5683 322 5749 Quomodo
335 5684 463 5738 dominus
474 5683 504 5738 in
518 5683 677 5757 castigando
693 5683 824 5740 eaoedut?
836 5703 864 5738 ιι.
878 5695 921 5738 ιιι

1079 1197 1145 1251 Num
1173 1199 1207 1248 ob
1229 1200 1393 1272 denegatam
1412 1202 1552 1272 justitium
1571 1206 1637 1275 jure
1659 1221 1709 1260 suo
1734 1206 1899 1272 privandus?

1113 1301 1140 1334 n.
1161 1295 1201 1336 39.

1075 1367 1158 1419 Ratio
1171 1366 1263 1418 Meuii
1272 1367 1346 1423 addu
1362 1369 1426 1422 itur.
1439 1387 1467 1422 tt.
1481 1381 1522 1424 ιι.

1077 1449 1143 1502 Alia
1156 1450 1331 1504 substituitur,
1347 1469 1375 1506 ιι,
1391 1463 1431 1505 ιι.

1076 1537 1146 1587 Num
1160 1535 1319 1602 etfirrnulos
1332 1536 1464 1605 castigare
1475 1539 1657 1605 permissum?
1669 1559 1696 1592 ιι.
1710 1551 1751 1592 ιι.

1075 1618 1185 1688 Duplici
1196 1619 1425 1689 erasrrrrdamento
1439 1621 1578 1674 deciditur.
1593 1641 1620 1676 ιι.
1638 1635 1679 1674 ιι.

1076 1704 1197 1768 Propter
1218 1720 1361 1770 excessum
1383 1705 1458 1758 cadit
1471 1706 1537 1778 jare
1562 1725 1612 1760 suo
1638 1710 1800 1762 dominarer
1815 1710 1894 1778 puni·

1108 1795 1199 1839 tuan.
1214 1797 1255 1839 tt.

1070 1868 1193 1924 Secundo
1217 1873 1344 1928 saevitiae
1368 1879 1480 1944 species:
1495 1878 1613 1932 desertio
1639 1877 1759 1932 dominis
1775 1874 1889 1948 proprii.

1109 1971 1136 2006 tt·
1158 1965 1200 2008 tt.

1074 2037 1245 2092 Desertionir
1257 2039 1388 2108 requisito
1401 2058 1438 2094 eu
1454 2042 1541 2098 Herio
1555 2044 1736 2100 adduruntur.
1748 2065 1775 2097 ιι.
1792 2056 1834 2102 ιι.

1075 2122 1206 2176 Ultimum
1216 2141 1267 2191 pro
1278 2129 1416 2196 superfluo
1431 2127 1550 2181 Ιιιιὸιιιιι.
1565 2148 1593 2181 ιι.
1609 2139 1650 2183 ιι.

1070 2207 1212 2272 disquisita
1224 2207 1274 2261 illa
1288 2209 1365 2262 brevi
1377 2211 1470 2278 regulo
1482 2213 1759 2280 ecrnprenendamur.
1773 2235 1802 2270 n.
1817 2230 1859 2272 ιι.

1071 2291 1120 2343 Ad
1130 2291 1253 2346 subditos
1265 2293 1329 2346 lraec
1341 2311 1396 2346 non
1410 2295 1556 2362 pertinent.
1568 2313 1596 2350 n.
1611 2307 1653 2350 ιι.

1071 2378 1118 2428 An
1131 2377 1258 2432 dominus
1271 2378 1387 2448 fumario
1409 2395 1515 2450 negans
1536 2379 1668 2435 alimento
1691 2381 1815 2452 privetur
1827 2387 1893 2459 jure

1102 2477 1162 2514 suo.
1177 2481 1202 2515 ιι.
1217 2476 1259 2516 ιιι.

1068 2544 1166 2598 Stricta
1172 2547 1239 2618 jure
1252 2548 1372 2602 minime.
1386 2565 1412 2601 n.
1429 2559 1471 2602 ιι.

1069 2631 1149 2682 secu
1160 2632 1194 2684 de
1208 2632 1409 2687 consuetudine.
1423 2651 1449 2684 ιι.
1465 2643 1507 2686 ιι.

1071 2719 1142 2769 Num
1151 2717 1269 2786 fiemulo
1288 2729 1400 2787 aegroto
1414 2719 1559 2775 debeantur
1570 2722 1788 2782 medicamento?
1799 2745 1826 2780 ιι.
1845 2737 1887 2780 ιι.

1071 2801 1228 2872 Affirmant
1237 2804 1266 2856 irl
1279 2805 1358 2858 multi
1366 2805 1410 2857 dd.
1423 2825 1451 2858 n.
1466 2814 1509 2858 ιι.

1067 2886 1151 2940 ιἰιιιίι·
1160 2888 1255 2959 opinio
1270 2911 1287 2944 a
1299 2892 1401 2957 pietate
1414 2893 1627 2948 commendatur.
1643 2911 1669 2948 ιι.
1685 2907 1726 2946 ιι.

1068 2973 1129 3023 Νοιι
1143 2983 1211 3026 recte
1223 2984 1316 3027 tentus
1327 2977 1405 3029 serui
1426 2979 1532 3047 aegroti
1546 2979 1669 3047 famulis
1693 2982 1795 3032 nostn'r
1810 3001 1827 3034 a
1846 2983 1888 3036 dd.

1103 3056 1162 3110 istis
1175 3059 1351 3126 applicantur.
1365 3077 1393 3112 n.
1409 3073 1449 3114 ιι.

1073 3143 1163 3194 Tertr'a
1186 3143 1319 3196 saevitiae
1343 3145 1453 3214 species:
1478 3146 1580 3221 injusta
1603 3149 1713 3202 exactio
1737 3167 1888 3221 operarum.

1104 3246 1130 3280 tr.
1152 3239 1194 3278 di.

1069 3313 1174 3383 (iperae
1184 3313 1350 3368 subditorum
1363 3315 1474 3369 odiosae
1485 3325 1557 3370 runt.
1570 3333 1598 3370 ιι.
1612 3330 1655 3370 ιι.

1068 3395 1339 3464 NonJentendendae.
1355 3417 1382 3453 n.
1398 3411 1441 3451 ιι.

1064 3483 1167 3535 Contra
1180 3483 1244 3536 illos
1252 3484 1446 3552 praesumitur.
1461 3503 1486 3538 ιι.
1502 3499 1546 3541 ιιι.

1067 3565 1212 3619 Probanda
1225 3569 1260 3621 ab
1273 3588 1325 3632 eo,
1340 3571 1389 3640 qui
1400 3587 1448 3622 eas
1457 3572 1621 3639 praetendit.
1635 3591 1661 3626 n.
1676 3587 1717 3628 ιι.

1064 3649 1159 3702 Facile
1168 3651 1202 3704 iis
1215 3653 1274 3722 quis
1285 3655 1364 3708 abuti
1370 3667 1466 3726 potest.
1477 3675 1503 3710 ιι.
1519 3671 1561 3711 ιι.

1065 3735 1216 3804 Dupliciter
1227 3737 1261 3790 iis
1274 3739 1470 3808 quartantur.
1484 3760 1512 3795 n.
1526 3755 1567 3796 ss.

1066 3821 1214 3891 utrumque
1228 3824 1361 3894 exemplis
1373 3824 1535 3880 illustratur.
1549 3847 1576 3881 ιι.
1592 3839 1633 3882 ιι.

1065 3905 1170 3970 Quarta
1183 3907 1282 3962 alenus
1293 3908 1406 3978 species:
1433 3911 1583 3967 nimiarum
1607 3931 1722 3969 onerum
1739 3911 1883 3984 impositio.

1097 4001 1124 4035 n·
1140 3997 1183 4037 dd·

1064 4071 1141 4138 (inae
1153 4088 1253 4128 norma
1265 4075 1491 4140 imponendorum
1504 4097 1628 4134 onerum.
1643 4099 1670 4133 n.
1685 4094 1725 4136 ιι.

1064 4155 1130 4221 (tute
1141 4155 1248 4211 domini
1258 4162 1359 4216 aduras
1370 4163 1443 4218 circa
1457 4183 1540 4218 onera
1554 4165 1745 4233 imponenda?
1758 4187 1786 4221 n.
1803 4179 1846 4223 ιι.

1063 4237 1135 4304 Quid
1152 4245 1300 4311 praestatio
1329 4246 1457 4302 Gallinae
1485 4250 1531 4305 des
1557 4251 1739 4305 amentatus
1756 4253 1883 4308 denotet?

1095 4339 1122 4374 li·
1142 4335 1185 4380 68.

1064 4443 1222 4568 Postquam
1240 4499 1379 4567 brevibus,
1399 4513 1527 4571 quintum
1553 4503 1661 4574 quidem
1690 4501 1751 4559 lieri
1777 4506 1879 4575 potuit,
1923 4511 1930 4553 t

1056 4585 1189 4656 generalis
1208 4585 1241 4637 ad
1259 4585 1326 4639 hono
1345 4588 1482 4641 materiem
1495 4591 1642 4659 spectamis
1655 4591 1824 4660 praecedenti
1840 4609 1881 4644 ao-

1058 4672 1112 4742 pite
1131 4687 1145 4722 ι
1165 4666 1207 4722 me
1227 4669 1356 4735 deducte,
1376 4672 1600 4742 progrediendum
1620 4693 1692 4729 nunc
1708 4675 1762 4728 erit
1774 4675 1807 4727 eri
1821 4693 1880 4748 spe-

1056 4751 1146 4818 cisiis,
1165 4751 1236 4806 inter
1252 4769 1318 4822 qnae
1338 4755 1425 4822 primo
1445 4758 1500 4810 loon
1514 4757 1624 4811 abosum
1639 4759 1738 4827 jurium
1754 4777 1879 4832 persono·
1919 4763 1931 4802 ²

1057 4837 1138 4902 lium,
1158 4846 1266 4890 secutus
1286 4837 1390 4890 scilicet
1410 4839 1551 4904 ordinem,
1579 4859 1658 4912 quem
1685 4844 1879 4896 secretissimus

1056 4920 1203 4991 imperator
1221 4921 1389 4976 lastinianus
1403 4923 1431 4976 io
1447 4923 1664 4979 institutionibus
1681 4928 1737 4980 sois
1756 4929 1878 4995 serravit,

1055 5004 1259 5073 contemplsbor.

1089 5085 1210 5138 Primum
1230 5097 1317 5140 sotem
1336 5090 1377 5155 jas
1397 5092 1549 5160 personale,
1569 5097 1638 5146 cirre
1651 5095 1720 5166 quod
1734 5096 1878 5167 imperator
1918 5119 1929 5158 ι

1052 5177 1183 5234 versetur,
1203 5178 1244 5222 est
1261 5172 1304 5238 jas
1323 5169 1492 5227 dominorum
1513 5174 1541 5226 in
1562 5193 1666 5240 ιιιιοις
1679 5177 1778 5247 deeius
1792 5181 1876 5250 igitur

1053 5251 1134 5304 abusu
1147 5255 1228 5306 etism
1243 5255 1331 5323 primo
1341 5255 1398 5308 loeo
1411 5255 1571 5324 ridendum,
1584 5263 1718 5329 quomodo
1731 5261 1776 5314 ille
1790 5283 1803 5316 a
1819 5266 1878 5330 inre
1915 5269 1928 5308 ⁴

1052 5336 1323 5404 immensurate,
1344 5339 1373 5392 itt
1403 5342 1460 5411 ipsu
1485 5345 1709 5410 manumissione,
1741 5357 1768 5400 sl
1791 5349 1875 5400 soluto

1051 5437 1098 5490 per
1117 5423 1352 5478 manumissionem
1371 5425 1499 5479 servitute
1517 5429 1625 5498 punitus
1647 5431 1736 5484 luerit.
1750 5432 1874 5486 liobehnt
1912 5451 1924 5488 ι

1050 5518 1138 5560 eutem
1156 5509 1226 5578 apud
1245 5511 1378 5564 Romanos
1394 5499 1521 5566 dominus
1537 5517 1578 5584 jus
1598 5517 1625 5568 iu
1646 5533 1736 5572 serras
1760 5528 1787 5572 ιι
1814 5525 1871 5586 iure

1048 5590 1168 5660 gentium
1188 5593 1335 5648 introducto
1348 5595 1418 5648 bello
1436 5607 1460 5650 et
1478 5597 1542 5653 inde
1551 5611 1608 5653 orto
1624 5602 1778 5670 captivitate
1788 5625 1869 5675 qnes-

1050 5679 1141 5734 sitnm.
1161 5677 1213 5732 Sed
1233 5677 1260 5732 io
1278 5680 1436 5750 quibusnam
1452 5683 1518 5738 illud
1528 5685 1708 5740 consistebat?
1724 5687 1804 5744 [toret
1818 5691 1868 5746 isn-
1909 5721 1923 5760 ς
