4418 6266
801 258 851 314 DE
870 247 1129 314 ntseustnwltt.
1143 247 1249 306 Lentu
1269 258 1331 306 ιιι.

882 425 1132 500 CAPUT
1178 424 1223 492 11.

583 611 638 678 De
660 607 885 700 dispositione
908 602 1013 694 legis,
1036 596 1256 690 definitione,
1277 609 1312 662 et
1335 591 1513 663 divisione.

459 779 797 840 adamanta

220 935 447 1010 Jurnpmaemto
459 945 654 992 oetnsetnooo
667 934 702 988 ob
711 931 875 1002 singularem
886 943 982 984 auram
993 941 1037 980 re·

256 1023 304 1078 bas
316 1023 355 1076 od
365 1021 499 1077 uitiatam
508 1019 706 1088 pertinentibus
718 1015 876 1086 prospexit.
888 1031 917 1066 n.
935 1023 957 1066 1.

216 1107 282 1164 Ideo
302 1108 510 1162 uariaeesetant
520 1105 725 1160 constitutiones
741 1099 885 1164 ,maxims
904 1095 933 1149 in
952 1105 1038 1150 mnte-

258 1190 302 1246 ria
314 1189 533 1253 interdictorum,
545 1204 663 1259 quarum
678 1184 752 1240 tituli
771 1185 936 1252 allegantur.
950 1199 979 1236 ιι.
995 1190 1019 1231 ι.

219 1279 310 1334 &usn
323 1273 560 1349 impulsioeitujus
570 1273 744 1326 introductae
756 1269 832 1340 legra.
844 1287 872 1320 ιι.
885 1280 910 1320 s.
930 1275 954 1318 t.
972 1278 995 1319 ι.
1014 1277 1038 1320 ι.

219 1363 282 1418 dee
292 1369 388 1414 nostro
401 1358 436 1414 ob
439 1355 637 1430 sonorabilem
645 1353 849 1425 dispositionem
859 1351 930 1404 alios
942 1359 990 1404 aut
1002 1351 1039 1404 si·

253 1443 330 1498 miles
349 1449 506 1498 contractus
522 1442 533 1496 i
550 1436 669 1494 revolvit.
688 1456 716 1490 n.
731 1449 756 1490 t.
769 1449 794 1488 e.
809 1448 834 1490 e.
856 1449 898 1491 to.
929 1446 970 1490 tt.
998 1443 1038 1487 ιι.

257 1542 298 1582 ιι.
320 1538 361 1580 tt.

220 1615 268 1666 Aa
282 1611 352 1663 ιἰ1ιιιι
366 1609 398 1662 de
411 1606 639 1678 bypotbeeatione
649 1623 697 1662 seu
705 1602 831 1678 pignoris
842 1604 1041 1660 constitutione

255 1691 397 1748 ds‘oendam
411 1691 469 1744 sis?
483 1709 512 1745 a.
531 1703 571 1746 ss.
589 1702 628 1746 ιι.
650 1702 692 1744 ιι.

226 1774 422 1834 alienationis
433 1790 525 1828 rerum
537 1785 619 1847 atque
631 1773 764 1830 bonorum
787 1771 928 1830 olonnam
945 1769 1044 1826 deteri-

251 1863 319 1934 pube
337 1879 369 1914 ib·
388 1870 429 1914 ib·

223 1947 296 2016 Quid
307 1945 357 2000 sub
368 1941 483 2002 nomine
494 1943 611 2000 eivitmt's
623 1941 810 2014 intelligetur?
822 1962 850 1998 ιι.
869 1953 913 1998 1ι.

222 2027 346 2086 astensis
370 2045 472 2082 nomen
496 2036 537 2081 est
558 2027 648 2084 minsas
670 2026 827 2082 uniuersale
848 2043 883 2080 oe
904 2026 1046 2096 massaio,

258 2131 343 2185 quom
360 2111 554 2166 universitatis.
568 2129 596 2164 n.
611 2121 654 2163 to.

223 2197 392 2252 Declaratur
403 2206 429 2248 et
440 2192 606 2249 ιιιιιιάίιιιι.
618 2209 648 2246 ιι.
662 2201 703 2246 tt.
721 2201 765 2244 ιι.

220 2279 360 2335 Publione
371 2281 510 2336 ss'os'tatum
523 2295 568 2332 res
579 2275 656 2332 nain
668 2275 864 2332 alienationem
875 2276 975 2332 esnire
982 2291 1046 2346 pos·

255 2362 333 2416 sinti
345 2362 490 2418 dubitatur·
508 2380 538 2416 n.
554 2371 597 2416 tt.

225 2447 376 2501 Deciditur.
391 2464 419 2500 ιι.
432 2455 474 2501 st.

234 2529 316 2584 Bono
326 2529 465 2586 civitatum
485 2529 600 2588 abusive
620 2528 732 2601 publiea
743 2527 897 2598 appellato,
910 2525 1048 2597 quomodo

241 2611 440 2682 intelligenda?
451 2631 478 2665 ιι.
494 2625 537 2667 ιι.

224 2697 333 2752 Diuisio
346 2699 375 2750 in
390 2698 508 2752 mobilia
520 2707 546 2750 et
556 2695 710 2752 immobilia
723 2695 802 2752 etium
815 2697 843 2749 t'a
858 2693 910 2748 tae
928 2693 989 2764 lege
1007 2711 1050 2748 re·

259 2793 344 2850 cepta
363 2799 391 2836 ιι.
412 2795 456 2837 ιι.

223 2865 460 2939 ttjmsatttotsn.
472 2885 501 2922 n.
516 2877 557 2922 tt.
573 2877 616 2920 ιι.

231 2985 398 3090 Praemisso
411 3046 515 3090 austose
527 3043 554 3090 ιι
566 3034 699 3107 explicata
712 3032 891 3105 inscriptione
897 3032 975 3102 legis,
989 3033 1048 3105 ipsa

229 3119 371 3190 dispositio
389 3129 414 3172 et
432 3128 508 3174 tenos
526 3121 583 3189 ejus
602 3119 738 3189 seqnitur.
751 3117 786 3171 ad
799 3121 874 3187 eujus
893 3116 1049 3172 illustratio·

228 3221 291 3260 neos
311 3201 561 3274 praemonendum,
579 3202 649 3271 qood
667 3199 783 3254 manime
802 3199 931 3254 nudanda
950 3200 987 3256 eit
1003 3217 1047 3254 ve·

228 3301 274 3346 tus
292 3301 320 3344 ιι
337 3307 401 3352 nova
419 3285 635 3358 jurisprudentia
653 3295 743 3339 nostra
761 3284 797 3340 ob
814 3286 975 3353 singularem
994 3301 1045 3340 cu·

1088 766 1138 820 bos
1155 765 1330 821 alienationes
1349 782 1438 820 rernm
1457 774 1537 836 atque
1554 764 1683 820 bosom
1701 767 1837 824 eivitatnm
1861 787 1904 842 pe·

1088 858 1222 920 regantur.
1241 849 1366 902 Faliuoiie
1383 859 1463 920 atque
1481 847 1618 904 iraudibus
1630 852 1798 906 venditorum
1810 864 1903 909 stem·
1940 883 1953 924 g

1087 946 1195 1008 plorum
1215 935 1285 1003 leges
1302 943 1406 988 nostrae
1423 935 1521 1005 ubique
1538 947 1691 1001 nocuerunt,
1705 937 1758 992 vid.
1771 939 1788 992 l.
1806 945 1861 1002 1.ς.
1878 949 1903 990 ι.

1086 1020 1106 1073 i
1126 1030 1169 1070 ιι.
1177 1015 1220 1087 ff.
1238 1019 1272 1072 de
1287 1017 1366 1072 aedil.
1387 1019 1462 1072 edict.
1490 1018 1625 1074 iudeiessa
1649 1021 1755 1088 itidem,
1780 1033 1810 1077 ut
1828 1021 1904 1077 verba

1089 1112 1177 1156 textus
1193 1102 1212 1154 l.
1231 1121 1260 1154 ιι.
1279 1113 1302 1154 ι.
1321 1111 1433 1167 sonant,
1454 1101 1603 1172 imperator
1619 1104 1671 1158 iseo
1692 1107 1834 1176 prospexit
1860 1123 1906 1160 so·

1088 1201 1134 1248 ra,
1153 1187 1264 1255 nequis
1282 1185 1310 1236 in
1334 1184 1485 1238 alienandis
1511 1187 1590 1240 rebus
1615 1187 1755 1240 civitatum
1780 1189 1905 1243 adversus

1088 1270 1227 1324 eivitatosn
1247 1271 1385 1324 ιοιιιιιιοιιι
1400 1271 1543 1341 quiequam
1561 1270 1652 1324 moliri
1663 1272 1749 1344 possit
1761 1274 1908 1328 incommo-

1089 1356 1129 1408 di.
1147 1354 1187 1406 Διὶ
1207 1354 1396 1425 praecavendas
1414 1371 1477 1422 ergo
1495 1352 1601 1410 fraudes
1619 1370 1666 1408 teu
1683 1355 1907 1422 nundinationes,

1088 1437 1201 1492 colludia
1220 1455 1266 1491 seu
1278 1436 1460 1490 connitentias
1469 1474 1478 1504 ,
1488 1437 1584 1508 quibus
1596 1437 1770 1492 alienationes
1787 1455 1833 1492 seu
1844 1457 1905 1494 ven·

1090 1521 1206 1576 ditiones
1225 1521 1356 1590 ejusmodi
1375 1522 1410 1572 ob
1428 1520 1588 1591 pravitatem
1608 1529 1635 1574 ιι
1661 1521 1794 1575 maiitiam
1816 1521 1903 1577 admi·

1089 1605 1265 1658 nistratorum
1285 1621 1338 1659 non
1357 1618 1417 1656 raro
1435 1603 1594 1672 subjacent,
1614 1603 1782 1658 nobilissima
1807 1603 1907 1660 baetti.

1090 1709 1119 1758 n,
1138 1689 1269 1762 publicata
1288 1690 1348 1744 luit·

1128 1775 1256 1845 Quamvis
1274 1782 1364 1828 antem
1383 1772 1448 1827 isaeo
1464 1773 1508 1828 lex
1527 1782 1622 1829 uostsa
1646 1789 1701 1828 non
1725 1774 1782 1829 nisi
1805 1786 1908 1832 eontra·

1091 1865 1150 1912 etos
1168 1856 1331 1910 venditionis
1349 1857 1513 1910 mentionem
1531 1855 1631 1921 iaoiat,
1648 1865 1768 1912 attamen
1779 1859 1843 1929 qnia
1862 1858 1906 1911 di·

1092 1943 1206 2013 epositio
1224 1943 1281 2012 ejus
1299 1943 1417 1995 maxime
1435 1939 1591 1997 favorabilis
1608 1939 1741 2008 habetur,
1759 1939 1906 1994 emotum

1097 2029 1173 2080 bles.
1191 2043 1268 2081 eone.
1292 2037 1314 2078 t.
1333 2045 1362 2080 n.
1385 2037 1427 2078 ιι.
1447 2026 1507 2079 ool.
1527 2035 1552 2078 t.
1569 2025 1637 2080 aiios
1655 2033 1702 2079 aut
1719 2023 1822 2078 similae
1848 2041 1914 2079 eon·

1094 2123 1192 2167 teaetus
1204 2111 1389 2166 alienationem
1403 2110 1583 2176 involventes,
1596 2127 1650 2162 uon
1663 2105 1912 2162 astulonensem·

1095 2210 1230 2270 poterone,
1249 2213 1297 2270 per
1315 2213 1366 2259 ee,
1384 2209 1450 2263 quas
1477 2192 1561 2246 retest
1578 2209 1612 2246 ex
1638 2191 1738 2246 Lntoa.
1761 2191 1844 2246 desis·
1869 2201 1914 2244 et.

1097 2284 1209 2338 Loseene
1226 2292 1259 2334 tr.
1277 2282 1388 2358 dejure
1407 2280 1545 2334 universit.
1561 2297 1588 2350 p.
1609 2288 1632 2330 ι.
1642 2294 1665 2331 ι.
1678 2289 1702 2329 ι.
1716 2295 1745 2330 ιι.
1762 2289 1801 2330 ιι.
1810 2277 1911 2346 Sinis).

1105 2367 1250 2438 dispositio
1278 2367 1345 2437 legia
1363 2377 1470 2422 noemae
1488 2365 1573 2420 losum
1594 2361 1705 2416 hebebit
1722 2362 1752 2414 in
1777 2371 1914 2432 permuta·

1100 2449 1233 2515 tionibus,
1252 2466 1313 2504 oum
1332 2457 1358 2504 et
1375 2450 1433 2519 ipsa
1452 2446 1611 2520 permutatio
1627 2445 1754 2498 alienatio
1772 2444 1819 2508 eit,
1842 2443 1915 2510 jusu

1098 2553 1158 2604 sap·
1182 2533 1260 2589 nulli.
1274 2547 1297 2586 ι.
1312 2533 1393 2590 Μι
1406 2534 1458 2588 reb.
1481 2533 1575 2588 areles.
1599 2547 1659 2585 non
1682 2527 1766 2583 alien.
1784 2527 1916 2580 diexaad.
1980 2531 1981 2534 ’

1098 2633 1173 2672 eona.
1196 2629 1218 2671 1.
1236 2637 1266 2671 n.
1287 2630 1329 2673 ιι.
1348 2618 1400 2676 ml.
1420 2627 1445 2669 t.
1463 2617 1490 2686 (ι
1502 2618 1515 2689 )
1526 2617 1554 2669 in
1568 2613 1769 2681 donationibus,
1781 2627 1838 2681 arg.
1852 2629 1913 2667 noo.

1101 2715 1124 2756 ι.
1143 2714 1170 2756 ιι
1188 2717 1230 2758 ιι.
1249 2703 1302 2773 (ι.)
1320 2703 1351 2773 ip
1369 2701 1564 2757 donationibus
1581 2701 1611 2755 iu
1630 2701 1756 2766 ιοΙιιιιιι,
1775 2697 1844 2752 satie
1860 2709 1913 2762 est,

1099 2788 1161 2859 quia
1180 2790 1210 2840 iu
1228 2788 1344 2841 wiotum
1362 2787 1434 2841 datio
1451 2785 1584 2857 emptioni
1603 2795 1631 2838 et
1648 2782 1798 2841 venditioni
1821 2781 1912 2850 aequi·

1098 2881 1221 2943 paretur,
1239 2873 1372 2943 utprobat
1389 2873 1408 2926 l.
1426 2871 1453 2924 ei
1466 2871 1620 2941 praedium·
1635 2885 1659 2922 o.
1678 2869 1714 2922 de
1729 2869 1811 2922 soret.
1837 2867 1916 2920 'lise-

1096 2955 1177 3025 quett.
1195 2956 1229 3009 de
1245 2965 1312 3008 retr.
1330 2973 1405 3010 eone.
1425 2973 1454 3006 n.
1476 2966 1500 3007 1.
1515 2954 1552 3025 gl.
1574 2961 1614 3006 11.
1632 2969 1661 3004 ιι.
1681 2961 1706 3003 ι.
1719 2964 1743 3006 ι.
1756 2951 1798 3022 (1)
1810 2950 1840 3004 iu
1854 2967 1914 3002 usn·
1963 3005 1966 3012 ,

1096 3039 1195 3096 iruotos
1213 3041 1421 3108 constitutione,
1439 3057 1497 3109 arg.
1513 3037 1592 3108 ista·
1610 3055 1634 3091 e.
1646 3035 1680 3091 de
1691 3037 1744 3090 reb.
1758 3037 1911 3090 attamen

1096 3123 1240 3180 attenont
1260 3125 1373 3180 Castilio
1390 3135 1424 3178 tr.
1442 3125 1475 3178 tls
1491 3123 1579 3193 melli·-
1597 3132 1684 3176 sset.
1702 3141 1730 3174 ιι.
1750 3133 1774 3175 ι.
1786 3131 1814 3176 ιι
1831 3125 1913 3186 1.(1.)

1096 3211 1125 3266 in
1144 3211 1318 3266 locationibus
1336 3211 1369 3264 ad
1384 3210 1492 3278 longum
1505 3219 1608 3280 tempos
1621 3219 1667 3260 ιιι
1676 3215 1848 3278 perpetuum,
1863 3223 1916 3276 qvae

1098 3297 1166 3350 utile
1185 3291 1344 3349 transfertur
1360 3292 1511 3346 dominium
1531 3307 1588 3363 arg·
1607 3292 1626 3344 1.
1633 3290 1694 3362 fin.
1706 3310 1730 3345 e.
1741 3290 1917 3365 dejnreem·

230 3390 303 3437 sam,
321 3391 371 3444 qua
390 3374 471 3426 relius
487 3371 521 3424 ad
539 3370 658 3426 civitates
678 3367 876 3440 pertinentibus
901 3385 1044 3440 prospers·
1092 3379 1214 3448 phycuus,
1233 3374 1360 3430 Alexand,
1379 3393 1451 3428 aona.
1474 3385 1498 3428 t.
1515 3393 1542 3429 a.
1570 3387 1595 3428 s.
1618 3375 1679 3428 nal.
1699 3383 1725 3424 ι.
1747 3373 1798 3442 (ς.)
1820 3374 1852 3428 ia
1864 3374 1913 3429 ea.

225 3459 280 3526 rit,
299 3475 333 3512 ne
350 3457 511 3512 detrimenta
527 3465 573 3510 aut
589 3453 760 3508 duramenta
779 3462 913 3524 saperent,
927 3467 975 3504 nes
987 3451 1044 3504 eni·
1096 3461 1218 3517 1502101„
1238 3457 1345 3515 fadum
1368 3462 1459 3513 sima.
1474 3469 1609 3530 synogas.
1624 3459 1680 3528 jus.
1694 3455 1778 3526 find.
1800 3473 1861 3528 sap.
1891 3467 1917 3509 ι.

227 3561 306 3614 quam
325 3542 432 3596 liuentia
450 3541 654 3605 moseleretns,
667 3555 710 3592 res
723 3539 849 3608 durandi
870 3537 903 3590 asi
921 3541 1035 3612 priuatos
1092 3547 1186 3617 aptos,
1207 3562 1233 3604 a,
1250 3567 1278 3600 η,
1300 3559 1323 3601 2,
1342 3545 1397 3617 (t.)
1409 3548 1439 3600 in
1452 3545 1631 3598 divisionibus
1642 3579 1650 3610 ,
1661 3545 1724 3616 qut.
1738 3545 1837 3600 dietate
1850 3547 1917 3600 alia.

226 3645 287 3682 usne
304 3624 497 3691 convertendi,
522 3636 566 3679 aut
589 3641 696 3696 prorsus
722 3643 736 3676 a
759 3625 866 3695 publioo
889 3621 1043 3678 eximendi.
1094 3633 1213 3687 maioni.
1232 3642 1274 3686 aas
1291 3631 1411 3703 speeies,
1430 3631 1447 3683 l.
1468 3639 1494 3682 t·
1510 3647 1533 3682 ι.
1551 3626 1578 3682 et‘
1594 3628 1699 3684 edoers·
1715 3627 1919 3684 transnot.imo

226 3709 338 3766 Ειιιιιι
356 3729 413 3766 eam
430 3709 467 3765 ob
484 3727 588 3764 oausam
607 3718 645 3762 tut
663 3717 691 3764 et
721 3717 804 3763 tantm
826 3709 1045 3773 constitutiones,
1096 3715 1196 3770 divisio
1214 3716 1318 3785 emptio
1336 3723 1363 3768 at
1382 3713 1508 3766 venditio
1524 3711 1696 3782 appelletur,
1714 3711 1733 3763 1.
1752 3727 1814 3764 eum
1831 3721 1916 3778 pater.

227 3797 344 3852 mxime
360 3807 447 3850 autem
472 3795 596 3848 universa
625 3793 680 3848 iere
705 3793 911 3848 interdictorum
934 3792 1046 3848 matoria
1095 3808 1117 3864 ς.
1135 3796 1345 3867 tamaianaffl
1363 3795 1398 3850 de
1414 3797 1493 3868 legat.
1507 3795 1565 3848 ι.1·
1582 3793 1918 3863 amnemamnem

226 3897 282 3934 non
301 3878 356 3933 nisi
377 3877 497 3932 remedia
515 3877 633 3934 eontinet
650 3890 739 3934 eontra
753 3877 826 3940 ilios,
840 3879 885 3947 qui
897 3879 973 3931 rebus
986 3877 1047 3932 usui
1091 3887 1156 3959 just
1175 3885 1301 3940 nononis.
1319 3884 1378 3936 aot.
1402 3892 1424 3936 ι.
1441 3897 1516 3936 eoas.
1532 3890 1580 3933 ee.
1598 3897 1627 3932 n.
1646 3890 1689 3932 ιι.
1707 3888 1735 3934 et
1750 3895 1820 3948 saga.
1839 3887 1866 3930 et
1883 3877 1919 3930 ei·

227 3963 336 4034 publioo
355 3961 491 4016 destinatis
507 3961 572 4031 quid
593 3962 740 4016 detractum
760 3962 858 4015 volunt
872 3960 968 4014 vilest
990 3949 1045 4013 iue-
1096 3971 1208 4024 mitibus
1225 3967 1483 4034 mainetibomqnl
1500 3961 1664 4033 generaliter
1679 3964 1759 4016 talene
1782 3961 1913 4016 tamtam

227 4057 321 4102 rentur
338 4049 367 4099 in
376 4044 422 4116 ff.
443 4045 484 4098 tit.
507 4045 540 4098 de
557 4046 655 4099 itinere
670 4046 745 4117 publ.
765 4047 805 4100 tit.
823 4064 858 4100 ne
876 4045 942 4120 quid
953 4046 982 4099 in
993 4047 1046 4102 loo·
1095 4063 1251 4120 tractatum,
1270 4069 1317 4124 per
1329 4067 1409 4121 quern
1423 4047 1573 4102 dentatam
1592 4043 1770 4110 transfertur,
1780 4054 1826 4098 ant
1837 4053 1912 4098 ιιιιι-

225 4131 298 4203 publ.
316 4131 368 4184 titt.
383 4128 497 4200 plurimi
513 4141 668 4201 sequentes,
687 4131 716 4183 in
733 4149 754 4185 e.
774 4132 815 4186 tit.
832 4136 866 4188 de
885 4149 960 4200 oper.
971 4133 1047 4200 publ.
1096 4138 1177 4194 aieret
1197 4149 1294 4212 praet,
1311 4155 1372 4193 enm
1392 4137 1483 4191 adam
1504 4135 1589 4200 ratio,
1606 4151 1674 4204 quae
1693 4133 1739 4186 isis
1756 4131 1920 4202 ubiqoeeet,

228 4225 256 4269 et
272 4215 373 4286 passim
393 4213 444 4267 titt.
462 4213 642 4280 posteriorum
667 4215 799 4270 librorum
824 4215 926 4270 rodinis
951 4217 1050 4287 repeti·
1098 4222 1222 4276 eandm
1235 4221 1354 4292 requirat
1372 4219 1440 4290 juris
1457 4217 1682 4290 dispositionem,
1699 4231 1757 4286 arg.
1776 4215 1795 4268 l.
1815 4225 1857 4268 ιι.
1876 4212 1918 4284 ffi

229 4310 275 4353 tae
302 4298 516 4371 praelectionis,
535 4299 579 4370 qni
601 4298 759 4369 pleramque
774 4309 847 4352 vetus
861 4303 902 4368 jos
916 4301 1051 4370 publicum
1102 4307 1140 4359 ad
1155 4307 1174 4358 l.
1190 4305 1274 4376 aquil.
1293 4304 1346 4360 stt
1364 4321 1399 4358 an
1419 4303 1492 4358 idea
1510 4302 1544 4356 ds
1561 4299 1784 4374 hypotbeuatiene
1800 4315 1848 4354 ιιιι
1872 4300 1915 4370 pi-

234 4383 373 4438 exhibent.
390 4381 500 4436 Conier.
517 4382 624 4436 Mevius
642 4385 671 4434 in
689 4393 865 4436 assumentur.
883 4383 921 4436 nd
936 4385 986 4458 jus
1003 4387 1051 4458 {lu-
1099 4389 1191 4458 gaoris
1206 4388 1398 4444 mnetitotione
1416 4385 1560 4440 dicendum
1580 4386 1631 4449 eit,
1651 4382 1750 4436 nerito
1767 4381 1813 4436 bio
1835 4399 1918 4454 qaae·

230 4469 340 4522 beesnse
356 4485 386 4537 p.
408 4479 432 4518 ι.
451 4466 490 4520 111.
512 4479 535 4521 ι.
553 4477 608 4520 nrt.
632 4479 654 4518 1.
673 4487 701 4518 ιι.
722 4481 745 4520 ι.
764 4479 790 4520 ιι
806 4486 878 4540 seqq.
905 4467 1052 4524 Bruonem.
1101 4469 1190 4524 ritnrl
1210 4471 1293 4536 Puto,
1311 4471 1374 4541 quia
1392 4467 1556 4539 hypotheses
1573 4465 1648 4521 datio
1666 4465 1794 4518 alienatio
1807 4465 1921 4537 proprie

232 4555 263 4604 in
281 4559 424 4604 comment.
445 4552 481 4606 ael
499 4551 541 4602 tit.
552 4549 591 4619 ff.
610 4567 645 4603 ne
662 4550 729 4622 qnid
753 4553 781 4604 in
810 4552 861 4606 los.
885 4553 957 4620 publ.
974 4550 1053 4609 Vidit
1099 4553 1140 4606 sio
1157 4554 1227 4608 dista
1245 4571 1299 4609 uou
1317 4563 1374 4618 est,
1386 4569 1442 4606 uon
1454 4550 1528 4606 enim
1545 4549 1698 4606 tantuin·
1716 4550 1745 4604 in
1756 4549 1918 4604 oreditorem

232 4651 331 4706 nempe
347 4634 465 4706 prudens
490 4635 650 4706 antiquitas.
673 4637 794 4692 civitates
819 4639 967 4692 consistere
997 4655 1051 4692 non
1103 4637 1280 4704 transiertur,
1300 4655 1360 4710 erg.
1379 4637 1399 4690 1.
1419 4647 1444 4690 ι.
1461 4637 1480 4690 1.
1500 4647 1525 4688 ι.
1542 4637 1562 4689 1.
1582 4648 1606 4690 ι.
1624 4653 1650 4688 o.
1668 4633 1701 4690 de
1716 4633 1921 4706 pignorateot.

240 4737 333 4792 posse,
351 4719 405 4774 nisi
424 4735 468 4774 res
486 4719 644 4789 indigentiis
663 4729 690 4772 et
708 4719 799 4773 usibus
817 4739 924 4788 earnm,
943 4721 1000 4776 eive
1016 4737 1051 4776 ιι
1101 4741 1153 4778 neo
1168 4723 1188 4776 l.
1210 4719 1300 4791 tt.ff.
1312 4722 1346 4778 sie
1361 4721 1469 4796 pignos.
1485 4737 1552 4792 quae
1571 4718 1677 4776 eivitati
1694 4719 1736 4774 eei
1752 4718 1810 4787 sine
1827 4719 1919 4773 admi·

235 4803 344 4858 statutis
361 4813 389 4858 et
407 4802 607 4874 provisionibus
622 4803 804 4875 superiorum,
823 4805 878 4858 eive
897 4821 929 4859 ιι
942 4822 1052 4860 eonsue-
1102 4806 1294 4860 aistratosibne
1306 4803 1546 4879 oppigneratione
1559 4803 1689 4860 διιοιιιιι
1701 4803 1839 4858 &vitatum
1850 4821 1913 4874 per·

231 4887 324 4944 tudine
340 4885 531 4942 immemorisli
550 4886 703 4957 designatae
720 4897 748 4941 et
765 4888 905 4958 deputatae
918 4901 1000 4946 sartee
1013 4902 1052 4944 te·
1102 4889 1205 4954 mittit,
1224 4891 1354 4962 speuiales
1372 4890 1554 4944 solemnitates
1567 4889 1597 4942 in
1615 4887 1827 4960 bypntboeandis
1840 4889 1921 4942 bonis

232 4985 341 5044 etaeque
360 4982 595 5036 oonsereaventnr,
612 4970 670 5029 oid.
689 4971 785 5024 Kloei.
803 4973 855 5026 ool.
876 4983 900 5024 ι.
918 4990 992 5028 oons-
1010 4984 1051 5028 ts.
1101 4972 1158 5025 iilis
1176 4975 1309 5043 requivit,
1327 4969 1535 5044 dispositionem
1551 4971 1605 5044 leg.
1629 4989 1656 5026 ιι.
1684 4986 1709 5026 ι.
1733 4971 1766 5026 in
1789 4972 1921 5043 oppigno-

234 5079 262 5112 n.
285 5069 326 5112 ιι.
345 5055 459 5110 Omnem
479 5055 560 5125 igitur
577 5056 701 5110 adhibuit
720 5055 904 5126 diligentiam,
923 5068 953 5111 nt
976 5073 1051 5111 ocea-
1103 5056 1195 5110 randis
1213 5056 1293 5112 ιὼιι
1311 5067 1390 5127 atone
1407 5056 1486 5110 bouis
1502 5055 1642 5111 eivitatm
1660 5058 1747 5110 nean
1766 5073 1819 5112 nott
1845 5055 1922 5112 inve·

233 5145 391 5209 siones,res
405 5141 533 5211 ejusmodi
548 5139 684 5196 evertendi
699 5151 907 5214 amputarentur.
920 5139 963 5207 Et,
978 5151 1052 5211 post·
1103 5141 1170 5192 nire.
1189 5139 1244 5194 Neo
1261 5143 1404 5212 quiequam
1420 5139 1527 5194 obetave
1544 5140 1688 5204 estasim,
1706 5139 1778 5209 qued
1801 5157 1922 5194 eommo-

233 5245 312 5299 qnam
331 5227 479 5300 perlegens
500 5226 568 5279 bano
586 5235 706 5281 nostram
730 5239 754 5280 ι.
773 5226 924 5280 ιίιιιιιίιιιιι
944 5225 1053 5298 per-ie
1102 5225 1172 5277 niter
1190 5243 1206 5278 a
1222 5223 1445 5280 dissentientibus
1454 5223 1583 5292 allegatas
1601 5223 1636 5276 ab
1649 5222 1920 5294 bypotbeoationese.
1962 5258 1991 5300 ,g

235 5329 293 5364 suns
312 5319 368 5381 est,
387 5309 494 5382 propria
513 5308 581 5362 bona
600 5309 709 5364 mobilia
731 5321 757 5364 et
779 5309 929 5364 isnvnobilia
945 5309 1054 5374 ‚utiem-
1104 5303 1183 5360 iasile
1201 5308 1234 5362 asl
1251 5307 1439 5364 alienationem
1466 5304 1620 5376 perveniri,
1640 5307 1696 5361 vid.
1715 5306 1820 5360 deen.
1843 5323 1923 5362 eone.

235 5413 272 5460 re,
292 5413 346 5448 nnn
365 5411 457 5465 parum
476 5391 739 5462 quandoquedamui
769 5401 794 5446 et
821 5393 980 5464 praeiudicii
1008 5411 1056 5466 per
1106 5402 1150 5443 ιι.
1168 5412 1198 5446 ιι.
1218 5402 1259 5446 ι1.
1279 5390 1505 5462 Respondendum
1524 5391 1922 5461 animumanimumum
1964 5427 1990 5468 Ι,

238 5477 368 5550 ejusmodi
386 5475 558 5530 alienationes
576 5478 733 5546 contingere
765 5487 853 5546 potest
882 5477 1054 5543 civitatibus,
1105 5495 1137 5532 ex
1155 5486 1249 5530 eventu
1270 5475 1315 5528 sed
1334 5489 1368 5526 ex
1386 5477 1444 5542 jure
1467 5473 1631 5530 uidendae
1655 5476 1728 5541 sint,
1754 5476 1922 5532 wesenber.

240 5563 373 5635 sapienter
390 5573 417 5617 et
434 5559 624 5632 oivunsnspeute
642 5561 734 5616 edem
754 5571 860 5616 mutum
879 5572 937 5628 est,
956 5572 986 5616 nt
1002 5579 1055 5616 non
1104 5562 1143 5618 ari
1151 5558 1191 5630 ff.
1211 5559 1252 5613 tit.
1269 5559 1303 5612 de
1321 5567 1399 5626 nupt.
1416 5567 1445 5612 et
1462 5556 1589 5612 alienatio
1607 5557 1657 5613 hoo
1674 5575 1735 5612 osen
1756 5559 1844 5611 saltim
1857 5561 1925 5612 aesi-

241 5647 293 5700 nisi
311 5665 343 5702 ιι
361 5647 481 5719 legititua
499 5663 574 5702 musa
592 5649 717 5720 sinentis
732 5647 865 5701 adhibitis
883 5647 1054 5702 solemnitati·
1107 5647 1221 5700 dentalis
1240 5645 1284 5698 sit.
1305 5643 1338 5696 tn
1356 5643 1476 5713 quamvis
1494 5641 1611 5714 graviter
1626 5643 1733 5697 obstare
1757 5639 1877 5696 videatur
1904 5644 1924 5696 l.

1980 5800 2032 5814 ἡ
