4402 6284
188 279 244 350 ιιι
634 267 684 328 nn
701 267 845 328 Eventu
865 263 902 320 lii
920 259 1266 320 nttutttottttttttcs
1285 273 1345 318 ιιι.
1728 269 1776 323 ιιι

136 373 323 432 ,marmium
340 365 473 425 annullari
494 382 572 439 posse
588 364 814 428 esistimsverim3
834 363 901 416 bene
926 369 965 414 ta·
1016 358 1055 424 id,
1072 357 1142 430 qood
1162 357 1261 412 mulier
1280 365 1339 426 post
1356 363 1468 411 mortem
1485 357 1576 414 mariti
1587 359 1635 415 diu
1646 361 1735 418 visens
1749 361 1835 435 possit

146 479 206 516 mou
224 457 389 530 posteriori,
408 450 479 506 conl.
493 451 589 504 Daraiel
601 452 708 504 bibllsr.
722 445 879 504 odoenstit.
892 445 965 498 elect.
1017 441 1098 497 leudo
1117 457 1195 512 greve
1211 441 1339 494 damnum
1359 439 1471 508 totoue,
1487 445 1696 513 praestationem
1715 446 1834 502 dotalitii

145 557 188 598 ῃ,
206 562 236 598 η,
256 553 299 596 ιι.
315 550 388 610 pere.
409 551 433 589 ι.
454 537 485 589 Ιι.
505 536 599 607 Carpe.
611 545 684 604 port.
704 542 727 586 ι.
745 531 803 584 alec.
825 540 928 583 tet.n.
942 539 967 580 ι.
1015 525 1161 580 detrectare
1179 535 1289 594 queunt,
1307 542 1356 578 nec
1374 525 1494 581 debitum
1514 527 1618 584 ieodsle
1635 530 1670 583 ob
1682 528 1710 582 id
1723 530 1835 604 degene-

142 639 259 700 ““li-
277 625 360 696 quue
378 623 413 677 ob
437 621 659 676 incertitudinem
690 626 800 671 eventus
830 622 858 668 et
880 611 967 678 lucri,
1016 620 1059 663 rat
1076 621 1120 666 eut
1135 609 1289 680 qualitatem
1308 607 1399 662 oneris
1417 605 1531 666 ie’udalis
1548 613 1657 682 amittit,
1671 613 1706 668 ob
1725 614 1836 671 incerti·

143 714 213 786 qnod
231 729 264 766 ea
282 711 345 764 dote
362 719 390 762 et
408 707 486 759 bonis
505 704 650 759 mobilibus
669 702 762 757 uaoris
780 698 866 754 adbuc
879 698 970 754 visen·
1020 695 1140 749 tudinem
1158 692 1288 748 nimirum
1308 706 1425 759 eventus,
1441 713 1502 750 oum
1519 705 1547 750 et
1564 697 1675 753 omniuo
1695 695 1756 754 fieri
1776 716 1836 772 pos·

73 794 77 800 '
148 797 182 850 tis
200 795 299 850 nasrito
316 792 445 847 obvenire
462 799 550 861 queat.
569 788 642 860 Quid
660 785 773 842 enimsi
788 783 971 838 meritusante
1018 781 1064 848 sit,
1082 789 1112 834 ιιι
1130 779 1226 833 mulier
1244 779 1293 841 boe
1313 781 1371 850 ipso
1388 798 1536 852 auuo‚quo
1548 783 1726 854 postobitum
1747 786 1840 840 mariti

144 899 256 938 uxorem
274 877 436 934 decederet?
461 893 514 932 non
536 893 598 930 sanc
619 885 675 928 tum
695 869 860 928 renunciatio
888 869 969 938 hujus
1018 864 1117 920 lructus
1135 881 1170 917 ex
1188 864 1307 920 dotslitio
1325 865 1419 919 lucrari
1437 868 1535 939 coepit,
1555 867 1668 937 vestigia
1681 880 1781 940 premet
1793 867 1840 924 ds·

141 965 317 1023 obserationis
334 961 515 1016 creditoribus
534 959 655 1024 nocebit,
676 973 725 1012 nec
748 953 903 1010 intermissa
927 969 969 1006 re·
1018 950 1104 1006 luucti
1115 951 1234 1021 conjugit
1251 968 1267 1005 e
1285 951 1429 1006 nicentium
1443 953 1499 1005 toee
1512 961 1612 1022 erepto,
1624 971 1676 1023 qno
1687 967 1747 1006 casu
1760 971 1839 1023 egua-

144 1045 318 1104 unnciatieoe
335 1043 372 1097 iis
389 1043 532 1114 quiequam
551 1045 668 1096 accedet.
684 1041 733 1092 Est
751 1039 825 1092 enim
843 1037 899 1091 vits
922 1037 970 1089 bo·
1019 1037 1055 1090 tis
1072 1035 1185 1106 sliieque
1202 1034 1397 1088 successoribus
1414 1038 1518 1090 lucrum
1537 1056 1592 1091 non
1612 1039 1744 1092 modicum
1770 1056 1841 1094 ecce·

143 1131 227 1184 minis
244 1129 347 1182 ineerta
365 1138 391 1182 et
410 1126 503 1180 moltis
522 1124 627 1179 cesibus
639 1121 870 1196 exposita,adeo,
883 1130 912 1174 ιιι
925 1137 970 1172 ne·
1019 1121 1101 1187 deret,
1119 1120 1190 1174 conl.
1210 1120 1303 1191 Carpe.
1324 1131 1403 1174 truce.
1423 1121 1456 1173 de
1478 1121 1582 1175 onerid.
1606 1124 1706 1178 rossel.
1725 1120 1840 1193 studui.

143 1233 187 1266 sao
206 1214 259 1266 sibi
275 1213 425 1267 crastinum
443 1209 565 1282 polliceri
587 1209 686 1278 possit,
704 1206 822 1275 adeoque
841 1206 922 1257 etism
940 1221 969 1256 e·
1018 1206 1076 1259 dec.
1097 1215 1121 1256 t.
1138 1203 1220 1272 posit.
1243 1215 1267 1258 ι.
1287 1221 1313 1256 n.
1334 1214 1377 1259 to.
1397 1205 1474 1274 Quod
1492 1205 1615 1277 procedit
1632 1207 1740 1262 etiamsi
1759 1206 1838 1262 msti-

146 1311 238 1354 venam
257 1295 325 1352 lucri
343 1308 369 1352 et
388 1297 478 1350 damni
498 1295 528 1348 in
547 1293 602 1346 vita
622 1291 742 1346 bominis
760 1290 873 1358 alicujus
885 1286 969 1359 positi
1019 1296 1062 1341 tus
1081 1286 1182 1342 nobilis
1201 1287 1373 1360 promisisset
1390 1290 1501 1358 quidem
1523 1289 1673 1346 dotalitium
1699 1293 1729 1346 in
1753 1292 1840 1364 pactis

142 1382 359 1447 incertissimus,
377 1379 487 1436 Gottt.
508 1388 533 1434 ι.
550 1378 610 1434 obs.
629 1388 654 1430 ι.
673 1394 702 1430 ιι.
729 1384 753 1428 ι.
779 1372 873 1443 Carpe·
899 1373 925 1425 d.
951 1371 970 1424 l.
1018 1371 1162 1438 dotalibus,
1181 1373 1226 1426 sed
1245 1381 1386 1442 antequam
1406 1372 1434 1425 id
1453 1375 1633 1441 constituerit,
1650 1376 1685 1430 ob
1703 1393 1747 1431 aes
1775 1376 1841 1430 alie·

145 1486 173 1520 a,
197 1475 239 1518 ¹4,
1020 1472 1083 1508 num
1103 1455 1292 1510 boniscedere
1310 1467 1460 1526 cogeretur,
1480 1459 1597 1512 utnulla
1625 1459 1711 1514 habita
1737 1463 1840 1516 ratione

181 1549 257 1620 Quid
277 1565 337 1602 sero
355 1545 388 1598 de
406 1545 455 1598 illo
467 1551 566 1597 statuto
580 1541 619 1596 sel
633 1536 824 1597 consuetudine
833 1535 912 1590 locali
925 1535 969 1603 iu·
1021 1540 1108 1593 tristis
1126 1540 1205 1608 hujus
1223 1551 1334 1594 eventus
1351 1540 1447 1595 viduae
1472 1539 1622 1598 dotalitium
1653 1543 1836 1598 nibilominus

143 1633 309 1698 dicandum,
328 1629 425 1700 qulbus
445 1643 510 1681 tllssl'
529 1623 656 1679 delunclo
676 1623 773 1675 mutilo
784 1621 817 1674 nd
830 1619 970 1690 repellilo·
1020 1625 1056 1676 sit
1073 1624 1300 1680 eonelituendum.
1320 1624 1388 1677 ΔιΙᾶ,
1415 1625 1527 1695 magnif,
1552 1627 1597 1680 dn,
1622 1626 1701 1682 libel,
1720 1629 1748 1681 iu
1766 1645 1842 1682 eom.

143 1735 208 1770 nem
228 1715 300 1771 dotis
320 1730 374 1768 non
392 1711 565 1776 admittitur,
585 1710 633 1763 sed
652 1723 700 1778 pro
716 1716 775 1759 rata
794 1712 899 1775 partem
923 1701 970 1754 bo-
1021 1707 1401 1779 ment.od1'usseudul.iib.
1424 1721 1448 1766 t.
1465 1711 1504 1766 ιίι.
1521 1721 1660 1766 tumst.
1681 1713 1750 1768 blev-
1766 1723 1839 1782 pert.

144 1817 244 1854 norum
266 1809 368 1852 tentum
388 1795 479 1864 capit,
496 1802 623 1863 quantum
635 1790 724 1844 delert
737 1797 879 1853 statutum,
891 1803 970 1856 quana
1021 1803 1043 1844 7.
1061 1794 1119 1846 dec.
1140 1803 1198 1846 tas.

143 1895 237 1938 umen
255 1883 407 1955 portionem
422 1897 469 1936 uec
488 1879 567 1932 babet
587 1878 734 1944 integram,
753 1875 806 1926 nisi
824 1869 971 1927 debltade·
1056 1877 1112 1930 Sed
1129 1893 1190 1930 oum
1209 1876 1256 1930 dos
1275 1895 1324 1948 per
1345 1877 1495 1933 dotalitium
1526 1877 1633 1951 penitus
1663 1879 1839 1947 sbsumetur,

144 1969 232 2024 count
251 1965 373 2038 conjugis
391 1965 524 2029 exsolvat,
541 1980 576 2015 ao
594 1966 651 2031 jure
669 1958 815 2014 subsistit?
832 1979 857 2014 v.
874 1975 900 2026 g.
913 1973 970 2008 rnu-
1020 1977 1103 2030 eoque
1120 1979 1136 2014 s
1153 1962 1232 2016 sidua
1252 1965 1336 2017 semel
1354 1965 1454 2034 agnito,
1477 1966 1591 2021 ulterius
1609 1965 1698 2020 dotem
1724 1977 1844 2039 repetere

141 2055 198 2108 liet·
218 2052 308 2106 dotem
326 2049 524 2126 amplissimam
543 2049 600 2100 viro
618 2044 693 2116 inopi
712 2043 814 2107 attulit,
840 2044 870 2095 io
896 2045 971 2110 cujus
1021 2062 1075 2099 non
1093 2045 1190 2116 possit,
1209 2049 1314 2102 llsrtm.
1334 2047 1433 2102 Pistor.
1451 2049 1477 2102 d.
1497 2050 1515 2102 l.
1537 2061 1607 2122 bg.
1629 2059 1653 2102 ι.
1671 2069 1698 2104 n.
1721 2063 1764 2106 to.
1789 2051 1840 2106 Co·
1880 2055 1912 2098 ⁸⁰

145 2137 307 2191 baereditste
326 2145 387 2206 post
403 2134 508 2188 obitum
528 2133 612 2204 ipsine
631 2131 825 2199 viaqoicqoum
842 2124 916 2181 aliud
930 2127 971 2179 vel
1021 2129 1070 2181 ler.
1087 2139 1162 2198 port.
1186 2140 1208 2184 t.
1225 2132 1282 2184 deo.
1304 2143 1349 2184 co.
1370 2149 1398 2184 n.
1421 2144 1461 2186 ιι.
1481 2143 1507 2186 et
1526 2133 1581 2188 dec.
1603 2146 1645 2187 tt.
1665 2135 1738 2190 Hinc
1761 2154 1841 2204 quse·

144 2223 293 2276 minimum
312 2219 402 2272 saltim
420 2217 561 2286 reperitur.
580 2217 659 2284 Resp.
685 2221 814 2265 statutum
840 2213 884 2264 vel
908 2227 972 2264 oou·
1021 2213 1101 2276 ritur,
1120 2213 1142 2265 si
1166 2223 1227 2284 post
1244 2213 1396 2268 dotalitium
1414 2218 1590 2272 constitutum
1608 2217 1709 2290 aliquid
1724 2221 1842 2287 mulieri,

144 2305 321 2360 suetudinem
339 2301 519 2354 nibilominus
538 2302 596 2369 jure
615 2297 772 2362 subsistere,
792 2305 820 2349 ct
833 2311 866 2348 ea
880 2295 969 2348 incer·
1022 2293 1093 2352 lorte
1110 2315 1144 2350 ea
1163 2299 1325 2355 baereditste
1344 2311 1461 2356 matems
1478 2301 1616 2369 obveniet,
1633 2323 1667 2358 ao
1685 2305 1753 2358 illud
1778 2317 1845 2362 tam-

145 2389 266 2446 titndine
283 2395 393 2444 ermtus
408 2393 482 2438 recte
499 2382 627 2436 damnum
645 2381 695 2434 boe
713 2379 820 2432 mulieri
841 2377 973 2446 ιιιοᾶιιι,
1021 2395 1100 2451 quam
1113 2392 1174 2453 pust
1187 2383 1348 2456 acquisitum
1360 2385 1508 2442 dotalitium
1520 2398 1638 2458 repetere
1649 2387 1749 2458 possiti
1761 2391 1843 2464 llerp.
1880 2401 1911 2443 st

144 2475 184 2530 ob
202 2490 283 2545 quam
303 2471 384 2526 multa
394 2469 580 2530 sustinentur,
594 2481 661 2536 quae
673 2463 739 2517 alias
751 2465 813 2532 jure
827 2461 896 2514 band
910 2460 973 2514 aub-
1021 2463 1092 2534 quod
1118 2465 1204 2537 possit
1224 2479 1353 2540 repetere,
1371 2485 1432 2523 cnm
1452 2468 1604 2524 futororum
1623 2481 1764 2526 eventuum
1790 2491 1847 2528 non

149 2560 300 2626 sisterent,
313 2557 332 2609 l.
352 2573 389 2611 eo
406 2563 504 2624 erupto.
529 2561 569 2604 tt.
583 2553 605 2618 ς
620 2551 668 2606 ult.
686 2565 748 2604 eum
766 2548 785 2599 l.
802 2562 858 2617 seg.
875 2541 917 2615 Ι.
941 2546 975 2601 de
1023 2547 1059 2601 sit
1076 2549 1252 2606 determinate
1270 2553 1380 2620 veritas,
1394 2553 1453 2607 ideo
1465 2571 1495 2607 eo
1508 2555 1608 2620 omnis,
1621 2573 1686 2626 quae
1698 2558 1727 2610 in
1742 2557 1846 2613 incerto

148 2651 206 2698 oct.
224 2649 303 2710 eripe.
324 2636 395 2708 Quid
413 2635 486 2689 euim
506 2635 529 2686 si
549 2633 660 2685 nascitus
680 2628 757 2684 dives
774 2627 892 2682 existat?
908 2629 974 2697 quid
1023 2643 1117 2686 euentu
1136 2645 1199 2688 suot
1216 2633 1314 2706 posits,
1332 2653 1385 2690 nou
1403 2636 1622 2705 considerantur,
1642 2641 1661 2693 l.
1684 2651 1706 2692 t.
1726 2641 1744 2693 l.
1762 2643 1798 2695 de
1806 2639 1846 2712 fi·

147 2729 171 2779 si
191 2725 290 2778 mulier
310 2721 450 2774 minimam
472 2719 512 2771 vel
531 2717 633 2770 nullam
653 2713 776 2768 attulerit
793 2708 974 2763 dotemicum
1022 2715 1219 2772 deicommisso.
1243 2731 1283 2773 ιι.
1309 2721 1606 2776 cenomantico
1631 2724 1705 2776 enim
1732 2726 1847 2780 maritus

146 2813 240 2879 troque
256 2808 308 2861 hue
324 2822 384 2858 meo
403 2807 504 2858 loemm
524 2801 609 2872 capiat
627 2811 651 2854 st
668 2799 808 2852 adversum
823 2813 935 2867 quoque,
949 2796 973 2848 cl
1023 2815 1143 2856 censetur
1159 2803 1216 2858 illie
1240 2803 1328 2859 serbis
1348 2824 1386 2859 nn
1405 2805 1557 2862 scurriliter
1575 2808 1704 2878 hilgote
1727 2812 1844 2880 comple·

149 2909 196 2946 res
214 2893 292 2944 aliter
308 2890 428 2956 eveniat,
444 2905 531 2957 aequo
558 2885 650 2938 culmo
673 2883 745 2936 icccc
768 2881 854 2936 debet.
880 2883 973 2952 Carpe.
1022 2887 1057 2942 oti
1077 2889 1192 2942 soluisse
1210 2888 1260 2954 id,
1278 2888 1349 2960 quod
1370 2906 1418 2942 nec
1436 2906 1466 2943 re
1484 2907 1537 2948 nec,
1553 2908 1599 2962 spe
1619 2901 1676 2945 emt
1701 2891 1730 2946 in
1757 2910 1847 2948 rerum

151 2977 212 3030 dec.
231 2986 273 3029 to.
290 2993 318 3028 n.
338 2987 364 3026 ι.
383 2973 458 3026 Idem
477 2971 524 3026 lib.
545 2983 569 3024 ι.
589 2967 632 3022 tit.
651 2980 676 3022 ι.
695 2983 764 3038 resp.
782 2979 829 3024 ct.
847 2985 874 3019 n·
890 2976 931 3019 tt.
947 2977 973 3019 cl
1023 2985 1124 3038 nature,
1145 2985 1223 3028 etan
1242 2972 1360 3029 loturum
1380 2983 1461 3040 esset,
1480 2975 1663 3046 ignorabatur,
1678 2977 1752 3032 conl.
1767 2983 1847 3034 Wes.

146 3079 207 3134 req.
229 3059 311 3114 dodr.
330 3059 474 3130 'l'lraqoell
494 3056 532 3110 od
548 3054 566 3108 l.
584 3054 611 3106 ιί
627 3071 757 3126 unquam.
779 3062 804 3104 ι.
823 3051 901 3106 uerd.
919 3051 971 3106 do·
1018 3067 1090 3128 pert.
1113 3067 1134 3110 ι.
1154 3075 1228 3112 ιοιιι.
1251 3071 1293 3114 ιι.
1312 3079 1340 3111 ιι.
1361 3072 1403 3113 ιι.
1423 3069 1449 3112 et
1466 3076 1521 3132 sep.
1538 3078 1567 3130 p.
1588 3073 1648 3116 ιιι.
1800 3063 1805 3072 ’

147 3144 268 3202 notione
284 3143 409 3215 largitus·
428 3161 455 3196 ιι.
478 3152 537 3196 ιιι.
555 3157 578 3192 ι.
597 3138 631 3192 dc
643 3137 793 3191 rcvcccnd·
806 3137 902 3190 donor.
915 3137 970 3189 Nee
1059 3143 1217 3211 Progredior
1230 3143 1280 3210 jam
1300 3145 1334 3197 ad
1349 3145 1474 3208 tutelam,
1493 3161 1567 3198 meus
1583 3145 1710 3216 quosdam
1722 3185 1730 3210 ,
1744 3147 1774 3200 in
1785 3148 1845 3218 qui·
1883 3154 1914 3196 ιι

147 3231 232 3283 balet
248 3230 341 3296 vidua,
360 3238 391 3282 ιιι
408 3225 441 3278 de
460 3235 553 3279 statuto
571 3224 612 3276 vel
630 3224 823 3276 consuetudine
839 3221 972 3290 ejusmodi
1022 3227 1070 3282 bus
1089 3241 1196 3282 eventus
1215 3227 1327 3282 babetur
1345 3227 1430 3291 ratio,
1450 3228 1632 3295 subjecturum
1652 3247 1711 3282 cum
1732 3247 1793 3284 vero
1811 3229 1847 3285 ad

146 3314 237 3386 possit
257 3312 401 3382 conqueri,
416 3327 476 3364 com
496 3308 574 3362 lucile
589 3307 715 3360 damnum
735 3307 763 3361 id
783 3321 910 3372 avertere,
927 3323 971 3360 re·
1022 3313 1130 3364 tutelam
1148 3321 1176 3364 et
1195 3322 1278 3364 mater
1291 3310 1453 3376 admittitur,
1470 3311 1512 3364 cui
1532 3311 1700 3366 sustiutuuu
1718 3313 1785 3387 imp.
1797 3313 1843 3366 ed·

145 3405 254 3472 bnsqtse
271 3403 328 3453 suis
343 3399 480 3450 consulere
497 3395 583 3467 possit
599 3411 646 3466 per
659 3404 734 3466 pacta
746 3393 862 3459 dotalia,
875 3393 973 3462 quibua
1021 3394 1091 3449 didit
1107 3395 1206 3460 auiam,
1219 3403 1297 3466 atque
1311 3395 1423 3461 stutnit,
1444 3397 1518 3460 illas,
1532 3397 1554 3448 si
1570 3396 1648 3450 modo
1664 3396 1776 3451 idoneae
1787 3395 1844 3451 iue-

145 3493 250 3539 statuto
269 3485 308 3538 sel
326 3479 513 3536 consuetudini
532 3478 691 3548 derogatur,
710 3478 728 3530 l.
751 3489 773 3530 t.
791 3479 814 3544 §.
832 3477 859 3530 si
869 3495 972 3532 conue-
1023 3477 1095 3543 rint,
1113 3478 1131 3529 l.
1147 3489 1168 3531 t.
1183 3497 1205 3532 c.
1218 3479 1324 3550 quand.
1341 3478 1417 3531 mult.
1431 3489 1480 3533 tut.
1495 3476 1662 3550 offlesung.
1681 3479 1806 3554 Carpsor.
1824 3480 1844 3534 l.

144 3571 199 3624 reis.
220 3582 245 3622 ι.
255 3565 297 3638 Ι.
315 3565 427 3634 ‹teposte
447 3562 520 3617 Gaii.
537 3564 557 3615 l.
577 3573 602 3614 a.
621 3562 729 3614 observ.
750 3574 792 3614 so.
813 3580 840 3614 ιι.
862 3573 902 3613 ts.
922 3561 972 3614 Go-
1022 3574 1046 3613 s.
1065 3561 1104 3616 tit.
1120 3575 1143 3616 s.
1155 3579 1225 3632 resp.
1240 3574 1282 3618 eo.
1297 3561 1424 3634 praelecti
1444 3581 1475 3616 ex
1494 3565 1577 3617 latere
1594 3565 1774 3630 venientibus,
1790 3585 1847 3621 mo·

144 3658 197 3707 ler.
216 3663 289 3720 pert.
312 3663 335 3702 t.
354 3649 435 3704 decio
455 3659 499 3700 ct·
517 3646 546 3700 in
562 3661 605 3716 pr.
623 3645 719 3716 Carpe.
734 3663 762 3716 p.
782 3656 805 3697 ι.
824 3663 845 3698 e.
861 3656 905 3700 to.
917 3645 973 3718 des.
1022 3643 1056 3695 tio
1075 3646 1103 3699 in
1122 3645 1222 3712 indicio
1240 3647 1400 3701 renuncieut
1420 3645 1543 3700 secundia
1563 3647 1667 3717 nuptiis
1680 3659 1706 3701 et
1719 3661 1775 3702 soto
1790 3650 1845 3702 vel·

148 3751 177 3792 a.
197 3737 276 3808 Quod
298 3737 321 3788 si
340 3734 426 3789 lacere
438 3731 607 3802 neglexerit,
627 3730 974 3786 ‹lemnominderesnltsns
1023 3731 1066 3795 lei.
1086 3747 1152 3784 nov.
1173 3741 1218 3788 st.
1237 3749 1294 3798 cup.
1315 3743 1339 3784 ι.
1359 3747 1426 3784 nou.
1452 3741 1510 3784 ιιι.
1534 3749 1557 3785 c.
1571 3744 1595 3782 s.
1619 3734 1695 3785 autb.
1714 3731 1799 3784 matri
1821 3743 1848 3788 et

144 3839 205 3877 nou
226 3827 327 3874 statuto
345 3819 392 3872 sed
411 3817 466 3872 sibi
485 3818 622 3886 imputare
639 3815 733 3878 debet,
751 3832 812 3868 cum
832 3817 973 3884 damnum,
1024 3813 1218 3868 edicenda.
1239 3815 1308 3867 iiiuc
1325 3817 1474 3884 quaeritur:
1493 3833 1527 3867 sn
1548 3823 1633 3866 meter
1657 3815 1764 3869 tutelurn
1784 3833 1845 3888 pro·
1884 3825 1916 3866 ιι

144 3904 223 3974 quod
241 3905 352 3974 quises
371 3901 510 3971 suaculpa
528 3901 628 3964 sentit,
646 3916 701 3952 non
720 3900 885 3966 intelligatur
915 3915 976 3952 seo·
1024 3907 1084 3969 pter
1104 3899 1246 3952 transitum
1266 3901 1300 3953 ad
1321 3898 1448 3953 secundas
1467 3899 1574 3972 nuptias
1597 3901 1681 3954 semel
1699 3901 1847 3968 amissam,

144 3989 222 4054 tire,
240 3989 259 4038 l.
278 3987 355 4058 guod
370 3987 439 4058 qais·
459 3997 519 4039 toa.
529 3983 570 4053 Ι.
590 3984 625 4038 cle
643 4001 666 4035 r.
679 3985 706 4055 j.
722 3985 877 4052 l.te.§.s.
886 3983 977 4054 ffide
1024 3981 1163 4035 eveniente
1179 3992 1263 4036 morte
1282 3983 1389 4036 secundi
1409 3981 1498 4037 mariti
1519 4001 1684 4040 reassumere
1702 3982 1800 4058 poscit?
1813 3985 1849 4040 Et
1883 3989 1915 4034 ιι

145 4087 263 4143 procur,
281 4071 301 4122 ι.
320 4081 344 4123 o.
363 4067 486 4140 infimi.
503 4067 857 4140 te.iufiu.pr.deuoaeal.
874 4070 975 4124 aurion,
1025 4065 1146 4134 quemvis
1165 4065 1274 4135 plorimi
1294 4065 1330 4120 ita
1350 4065 1531 4140 distinguant,
1557 4087 1591 4122 sn
1610 4087 1653 4123 res
1673 4069 1725 4138 sit,
1745 4067 1848 4140 integre

148 4155 172 4206 1.
194 4163 237 4204 ts.
256 4159 279 4215 ς.
302 4150 434 4220 e.sumi1·
455 4151 567 4205 bemisc.
584 4153 604 4203 l.
627 4163 667 4206 te.
681 4150 723 4220 Ι
751 4151 779 4204 st'
800 4152 862 4222 guis
885 4156 977 4207 omiss.
1026 4147 1108 4217 lone,
1127 4151 1197 4220 quod
1217 4151 1294 4205 liberi
1314 4153 1416 4204 nullum
1436 4153 1551 4206 babeant
1571 4163 1708 4219 tutorem,
1734 4169 1783 4206 nec
1801 4152 1848 4206 bs-

145 4255 228 4292 eoass·
247 4237 325 4306 Quod
343 4241 432 4306 ipsum
449 4236 574 4306 congruit
592 4252 652 4288 enm
672 4245 770 4290 statuto
788 4232 977 4305 hamburgensi
1026 4231 1089 4288 bere
1112 4236 1237 4306 possint,
1263 4246 1293 4289 ut
1316 4246 1378 4288 tuno
1409 4249 1493 4291 mater
1525 4237 1702 4301 sdmittatur,
1733 4235 1755 4289 si
1788 4253 1849 4291 vero

146 4331 229 4393 part.
248 4331 274 4372 a.
289 4320 332 4374 cit·
354 4333 396 4373 ιι.
416 4319 493 4373 artie.
515 4331 556 4373 tt.
573 4337 633 4389 pag.
649 4330 710 4372 ιιι.
723 4320 884 4374 indicente
903 4323 978 4376 Wer·
1027 4321 1108 4374 ulium
1137 4321 1250 4374 babeant
1277 4328 1390 4373 tutorem
1414 4319 1566 4390 legitimum
1598 4321 1639 4374 sel
1668 4317 1768 4373 babere
1788 4336 1848 4392 pos·

148 4407 205 4460 den
225 4403 297 4458 noclr
314 4404 363 4457 des
383 4405 560 4456 Blremsenes
580 4403 734 4456 Absterbsn
754 4403 798 4455 alie
816 4404 977 4474 nordgelos·
1027 4407 1098 4470 sint,
1117 4415 1201 4458 mater
1221 4421 1274 4457 nou
1293 4404 1474 4470 admittatur,
1496 4405 1572 4475 Spee.
1601 4403 1641 4457 tit.
1660 4402 1693 4458 de
1717 4413 1801 4459 tutor.
1824 4412 1847 4468 t.

147 4505 222 4543 aene
245 4489 333 4542 Gaieer
349 4487 400 4539 usic
416 4487 635 4544 solomon-horr
654 4487 816 4541 bescbmeres
833 4485 978 4558 defianden,
1028 4506 1102 4545 nuuc
1121 4489 1273 4545 eiciendum.
1295 4504 1361 4542 vers.
1380 4487 1490 4560 quidsi
1506 4499 1602 4542 muter.
1625 4497 1650 4544 et
1672 4505 1739 4559 quos
1757 4489 1851 4562 allegat

147 4589 182 4626 so
200 4571 303 4624 hlaiba
320 4569 370 4624 der
385 4570 614 4641 noclagelosseuen
638 4569 980 4641 Wuroeuetugeerocnnr
1027 4575 1113 4643 Myos.
1139 4583 1207 4625 cent.
1235 4583 1259 4626 ι.
1286 4571 1393 4627 observ.
1415 4583 1458 4624 ιι.
1484 4570 1581 4624 Verior
1613 4579 1702 4624 tamen
1721 4573 1767 4624 'est
1791 4587 1850 4623 sen·
1889 4568 1919 4608 ⁸⁵

149 4657 360 4710 urnae-setosa
376 4671 432 4710 uer
447 4654 492 4710 die
510 4653 658 4720 ai'clsuldeu,
683 4653 728 4708 die
752 4655 782 4708 in
803 4659 981 4713 woelnnder
1026 4657 1123 4723 tentia,
1136 4671 1190 4710 uon
1208 4671 1284 4726 posse
1302 4669 1481 4719 reassumere,
1495 4649 1851 4724 quiaell'ectnsprivstionis

149 4743 216 4796 Elea
231 4740 358 4808 gemacht
372 4755 451 4808 ssyu,
470 4737 632 4792 eemunden.
651 4735 714 4792 Joh.
733 4737 853 4810 Philipp.
873 4742 975 4798 obrem.
1027 4743 1081 4811 iarn
1100 4751 1301 4796 consummatos
1316 4749 1358 4796 est
1376 4756 1438 4794 noe.
1460 4747 1502 4791 ιι.
1515 4757 1538 4792 e.
1555 4749 1597 4793 to.
1610 4748 1637 4794 et
1646 4757 1707 4794 noc.
1728 4747 1769 4791 ιι.
1788 4755 1849 4806 cop.

145 4827 205 4899 p'ar.
222 4835 310 4894 praet·
330 4823 370 4879 od
385 4823 466 4878 timis.
483 4838 589 4876 omn.
609 4833 634 4874 s·
653 4839 681 4874 ιι.
703 4831 743 4873 tt.
763 4832 792 4875 ec
807 4839 863 4888 seg.
1029 4834 1055 4877 ι.
1074 4833 1102 4878 et
1118 4827 1177 4894 jura
1196 4825 1278 4878 semel
1303 4823 1409 4895 perdita
1427 4823 1462 4878 ob
1480 4823 1595 4894 aliquem
1619 4833 1740 4878 eventum
1761 4821 1851 4878 iterari

86 4933 113 4974 te
188 4910 227 4964 tta
242 4910 308 4964 baec
324 4907 357 4962 de
371 4907 443 4962 dotis
454 4905 623 4978 repetitione.
639 4905 708 4974 Quia
721 4921 784 4959 vero
798 4907 918 4960 osoribus
934 4907 976 4960 in·
1026 4925 1079 4964 non
1098 4908 1212 4975 debent,
1234 4926 1293 4980 urg.
1305 4910 1324 4961 l.
1339 4920 1363 4960 ι.
1376 4916 1398 4972 ς.
1414 4917 1436 4960 t.
1438 4906 1598 4978 ffidecnp.
1613 4909 1709 4964 minue.
1721 4905 1740 4960 1.
1757 4917 1799 4961 ιι,
1807 4905 1850 4977 ff

152 4995 258 5060 valuit,
277 5007 304 5050 nt
322 4992 455 5046 nobilium
476 4989 563 5044 viduis
584 4989 705 5042 dotalitio
735 5005 780 5043 sen
811 4991 921 5044 donaria
948 4991 977 5043 lo
1026 4987 1851 5066 &standandeiaa.ffde1'ur.docl.fie.pr.ffunde

154 5079 227 5136 dotis
243 5077 489 5148 compensationem
505 5073 701 5126 constituantur
726 5073 755 5126 io
776 5071 877 5138 lendis,
905 5076 976 5127 llar-
1026 5077 1072 5131 lid.
1092 5077 1171 5148 Quod
1190 5079 1214 5131 si
1233 5093 1295 5132 vero
1312 5077 1463 5148 deposuerit
1487 5077 1597 5132 tutelsm
1614 5078 1690 5148 qussi
1710 5087 1849 5147 nuptura,
1886 5072 1918 5113 ⁸⁸

155 5181 249 5217 mam·
267 5161 363 5215 Pistor.
386 5170 408 5210 t.
426 5175 451 5228 p.
465 5166 489 5208 t.
503 5175 531 5208 ιι.
550 5153 976 5226 t.llo.e'truv.syut.1'ur.sesd·
1026 5176 1076 5214 nec
1092 5173 1178 5214 tamen
1197 5158 1376 5226 nubat,l'orte
1393 5158 1464 5231 quod
1482 5156 1547 5212 lacti
1562 5159 1717 5231 poeniteat,
1738 5159 1848 5212 tutelam

156 5263 179 5302 s.
202 5257 243 5298 tt.
261 5255 288 5297 ee
306 5255 330 5296 s.
347 5241 417 5312 quod
436 5257 504 5293 onos
524 5253 572 5290 nec
590 5235 759 5290 dorniuinee
777 5239 861 5307 agnati
877 5251 920 5292 eut
940 5242 976 5292 si·
1028 5247 1102 5317 prius
1119 5246 1245 5301 amissam
1257 5263 1315 5301 cem
1335 5261 1491 5318 recuperare
1505 5262 1580 5318 posse
1592 5245 1700 5314 aequius
1722 5253 1772 5308 est,
1787 5243 1853 5314 quia

158 5329 293 5382 mlum·
304 5321 548 5395 investiti-possint
564 5323 721 5384 detrectare,
735 5323 849 5394 uimque
863 5327 926 5377 litei
938 5323 978 5378 vl·
1027 5347 1116 5395 causa,
1134 5332 1169 5384 ob
1184 5347 1263 5401 quam
1278 5329 1404 5402 privando
1421 5335 1477 5386 'erat
1496 5329 1589 5393 tutela,
1607 5339 1701 5382 evento
1720 5327 1781 5398 ipso
1791 5342 1848 5378 non

158 5426 207 5464 ιω
223 5409 336 5463 nullu
355 5407 387 5460 d·
406 5405 530 5459 3⁰¹²fili⁰
549 5405 624 5456 ⁰⁵⁸⁰st
643 5403 672 5455 ⁵¹¹
699 5421 805 5469 emme
838 5427 890 5478 qm
920 5409 978 5479 ipss
1026 5425 1132 5480 ιιιιιιι,
1149 5417 1238 5486 Myos.
1258 5415 1315 5468 ut.
1334 5416 1494 5470 chremes.
1515 5415 1590 5467 ldcm
1608 5411 1700 5466 decad
1730 5422 1752 5465 ι.
1779 5425 1849 5477 resp.

160 5494 353 5562 promeritus,
370 5507 424 5543 non
443 5487 602 5560 providerit,
623 5497 712 5540 tameo
730 5493 977 5559 posteaviduaere·
1029 5509 1070 5552 ιι.
1089 5515 1107 5550 ιι
1139 5510 1180 5553 te.
1198 5509 1223 5551 et
1241 5514 1296 5570 seg.
1312 5516 1375 5571 pag.
1399 5511 1454 5554 tet.
1474 5497 1605 5552 touuett.
1634 5495 1702 5568 disp.
1723 5496 1804 5550 ι.ι1ι.
1826 5502 1850 5546 t.

160 5577 240 5631 ties-a
258 5575 330 5630 sseit
346 5572 572 5628 constituendum.
591 5571 629 5624 tat
651 5573 832 5627 Pictonici
851 5595 879 5629 n.
900 5589 924 5630 ι.
938 5579 978 5630 ld.
1028 5583 1071 5635 lit.
1093 5585 1119 5635 d.

95 5677 127 5725 ιι
164 5659 209 5716 dn.
226 5661 315 5716 Serus:
333 5659 359 5714 d.
379 5658 398 5712 l.
418 5674 467 5712 nee
484 5657 573 5729 agnati
594 5657 634 5710 vel
661 5673 823 5714 comessores
849 5659 919 5715 leudi
944 5665 979 5720 ob
1067 5668 1181 5722 Possunt
1200 5677 1226 5722 et
1246 5669 1335 5740 plures
1363 5677 1462 5722 tutores
1487 5666 1564 5732 duri,
1581 5665 1628 5739 qni
1648 5665 1671 5720 si
1690 5663 1746 5721 clati
1773 5663 1826 5720 sint
1841 5700 1849 5734 ,
1889 5673 1919 5716 ιι
