4402 6284
171 234 196 300 ιι
629 223 678 278 DE
698 218 951 278 CONVENTlBUS
972 215 1281 276 Pnovtncnttntts.
1723 220 1757 289 ιη

127 327 174 386 ιιι
186 326 332 389 lloemme,
350 325 458 375 mllssen
472 319 590 376 eunden
607 317 818 390 possessoribus
830 316 878 368 des
892 315 939 366 do·
988 311 1124 382 gressibus
1138 312 1256 380 plurium
1271 309 1395 380 suffragiu
1410 315 1571 372 attendendo
1592 335 1652 373 esse
1660 323 1762 375 steterit.
1773 333 1822 376 rot.

133 416 175 484 l‘i
198 410 336 479 depende„
359 405 468 476 spodi,
487 407 546 460 und
568 404 613 458 die
632 405 728 461 duston
756 405 864 456 Nutsen
883 401 942 452 ιιιιιι
987 397 1027 450 tit.
1044 415 1074 448 rc.
1093 397 1126 449 de
1144 395 1383 466 leis,qunejt'nnt
1401 401 1686 471 amrrjoreporte.c.i
1702 417 1820 461 ntertt.

129 497 255 560 scindun,
275 496 346 548 oucls
364 491 495 546 suweilen
515 490 560 543 ein
578 489 686 560 geneses
697 487 884 542 Eiokonrmen
904 501 938 536 cu
989 478 1013 551 5.
1032 481 1194 535 discretioni
1211 493 1329 534 vestroe·
1347 502 1370 534 c.
1388 502 1449 538 curn
1463 485 1574 556 injure.
1593 501 1637 542 ss.
1654 507 1677 542 c.
1693 507 1814 546 venero-

128 591 251 657 marem
269 580 378 643 haben,
396 581 496 647 gerleon
518 578 643 641 werden,
664 574 724 630 und
742 591 824 625 monn
844 570 940 626 diesel-
990 565 1081 622 bilem.
1103 575 1143 616 ιιι.
1164 573 1185 627 ι.
1204 565 1380 635 objectionib.
1400 587 1422 621 c.
1441 587 1537 622 corum
1558 585 1599 624 ts.
1618 572 1651 625 de
1670 573 1743 628 elect.
1762 575 1813 628 ltu-
1851 596 1883 642 ις

128 669 184 741 lige
199 668 273 720 nield
291 665 443 734 ollerdings
455 664 541 718 rlorsu
561 663 766 730 bustoniseyn,
781 657 939 712 werdensis
990 651 1058 702 blico
1079 651 1187 722 imperii
1207 653 1475 720 romono-gersonnici
1496 655 1551 722 jure
1571 656 1620 708 boc
1639 657 1743 712 docent.
1768 660 1815 712 Sic

128 755 181 808 pm
197 749 478 820 Crey53‚perwandpe
497 749 559 802 „mg
582 745 731 817 gupwfppp3p
748 743 871 800 ,pegma
889 761 940 796 on·
992 735 1021 788 in
1041 736 1175 788 electione
1195 736 1368 808 imperatoris
1382 741 1481 808 majore
1495 739 1660 796 concludunt
1673 753 1779 798 rotun.
1793 745 1818 797 ι.

131 839 232 908 turgeo,
244 836 289 888 die
306 835 394 888 tuneo
414 834 485 888 ouen
502 835 651 898 dornone,
665 849 721 884 nur
737 829 801 882 don
820 844 849 880 es
867 827 942 882 oicln
992 838 1015 874 e.
1036 831 1060 872 ι.
1079 817 1101 892 §-
1124 832 1146 873 ι.
1167 823 1231 874 udd-
1252 822 1363 876 Becker·
1382 823 1410 877 tn
1429 841 1541 895 synope.
1562 825 1636 896 juris
1660 828 1727 898 imp·
1748 847 1817 884 rom.

132 923 163 976 cd
177 919 395 992 consequentium
419 936 539 990 geeogen
567 917 686 980 werden,
712 914 787 969 nielrt
812 929 864 968 cns
886 916 938 968 den

132 1003 256 1062 Hoenrlen
274 1005 361 1073 gelren
382 1003 489 1054 wellen.

160 1093 194 1144 do
207 1088 312 1141 werden
328 1087 397 1140 uncie
411 1077 446 1140 B.
461 1085 574 1142 Dnrclsl.
589 1082 733 1155 gnuedigst
744 1083 877 1152 pendeo,
891 1082 943 1152 bey

133 1175 176 1228 deo
195 1173 306 1226 Zoellen
335 1169 520 1240 Vernrdnnng
545 1171 659 1238 ergelren
685 1169 788 1230 tossen,
808 1168 872 1218 durs
898 1167 941 1220 die

998 908 1130 961 German.
1149 907 1168 959 ι.
1184 919 1207 959 t.
1227 927 1249 962 c.
1269 921 1293 961 t.
1312 929 1339 962 n.
1361 921 1384 962 ι.
1404 909 1435 963 Et
1452 912 1575 966 omniurn
1595 913 1731 968 seniorum
1750 935 1815 986 geu·
1857 921 1889 962 5⁰

993 990 1060 1042 tiurn
1081 1009 1167 1044 mores
1193 992 1220 1042 it
1245 991 1402 1060 obsecrent,
1428 1008 1453 1050 ut
1477 997 1504 1050 in
1531 999 1648 1068 negotiis
1677 1002 1821 1060 tractandis

994 1075 1111 1146 plurium
1131 1087 1216 1130 stetur
1235 1079 1385 1148 suffragiis,
1406 1081 1550 1136 Arumuens
1569 1085 1603 1137 de
1621 1086 1739 1140 comitiis
1751 1088 1818 1160 imp.

993 1176 1020 1212 n.
1041 1171 1081 1214 ts.
1101 1161 1195 1232 Carpe.
1212 1172 1284 1231 port.
1308 1174 1330 1215 ι.
1349 1165 1404 1216 dec.
1426 1176 1469 1216 ιι.
1490 1166 1649 1238 singulique
1667 1169 1820 1240 obligentur

135 1261 222 1330 nrm,
235 1273 329 1310 ,ΝΜ
340 1257 434 1310 Aper,
452 1272 504 1310 m„
521 1253 573 1308 de„
596 1251 820 1318 gotscefaeuen
839 1251 942 1304 perpes.
992 1261 1045 1295 non
1067 1262 1097 1297 ex
1117 1247 1189 1314 jure,
1205 1246 1274 1316 quod
1295 1249 1453 1319 mejorpars
1468 1251 1496 1303 in
1512 1251 1821 1326 ipsushubettsmqnsns

129 1354 179 1398 sert
194 1343 315 1406 worden,
332 1341 407 1395 uncle
422 1338 519 1404 seener
536 1339 652 1393 doraum
671 1355 784 1409 nroegen
800 1335 941 1410 gernuclet,

134 1428 186 1484 sod
199 1429 321 1480 erlrolten
342 1426 458 1482 werden.

164 1513 225 1567 Used
242 1514 328 1568 dieser
346 1514 438 1566 leuben
451 1513 513 1564 loco
526 1508 697 1578 exceptionis
707 1509 742 1562 ιι.
757 1509 869 1562 Durcld.
888 1507 945 1561 Wir

126 1599 290 1668 gehersume
308 1609 453 1666 cortrogen
474 1597 587 1659 wollen,
606 1594 655 1646 mit
681 1593 862 1648 noclnnclden
881 1592 942 1646 wie·

130 1681 281 1738 derlroldter
294 1681 541 1752 untertlrnenigster
550 1680 631 1742 Bitte,
645 1678 708 1732 dass
718 1679 769 1731 den
780 1695 873 1730 ormen
889 1681 946 1733 Un-

129 1770 282 1832 tertltonen,
301 1784 332 1820 so
360 1765 413 1818 ciel
436 1765 534 1819 irnrner
556 1763 672 1831 nrdglicle
690 1763 746 1828 ist,
771 1763 944 1818 subleuatton

128 1856 182 1908 end
197 1853 355 1920 linderung
373 1851 422 1904 der
433 1851 552 1919 p'etsigen
566 1850 664 1903 lsorten
679 1849 863 1917 Bedruegniss
881 1849 943 1903 mie·

124 1937 270 2008 deffnbren
291 1954 399 2004 moege,
420 1937 477 1989 und
502 1937 560 1990 En.
585 1932 860 2003 Durclrluurlrtigkeie
883 1935 944 1986 den·

127 2023 213 2074 seiten
233 2020 284 2073 snit
302 2021 374 2074 oller
393 2019 565 2071 Fdrstlicleen
586 2020 709 2072 Clemens
728 2019 786 2072 nod
803 2017 896 2072 Hulde
909 2019 947 2072 ie·

128 2107 224 2160 derceit
237 2106 373 2176 engetlrun
393 2107 450 2160 und
462 2103 605 2176 gnuedigst
618 2103 820 2172 affectioniret,
832 2106 947 2157 veritar-

127 2205 173 2244 ren
193 2191 290 2257 nolle,
309 2191 368 2244 used
391 2189 451 2245 Wir
466 2188 623 2243 verbleiben
638 2189 699 2242 Zeis
711 2205 806 2244 unsers
822 2188 946 2254 mneos,

128 2285 175 2328 etc.
193 2287 242 2330 etc.

160 2361 241 2414 tttses
261 2360 290 2414 in
309 2359 425 2413 charron
444 2361 572 2424 coniectis
590 2371 666 2431 etque
690 2355 862 2430 principibus
881 2357 948 2410 insi-

126 2445 228 2510 nuetis,
249 2453 336 2496 sistus
354 2445 532 2514 prorincides
546 2443 720 2498 resolutiones
735 2443 887 2513 principum
902 2459 948 2494 es·

126 2539 250 2602 pectunt,
268 2547 336 2600 quse
355 2531 468 2584 simulac
489 2541 630 2594 emanent,
650 2533 796 2582 mittuntur
809 2529 950 2582 directori-

130 2613 176 2666 bus
194 2612 340 2678 classium,
362 2623 388 2665 et
407 2612 440 2665 ub
460 2614 502 2666 bis
521 2615 636 2668 statibus
655 2615 695 2667 rel
713 2613 746 2667 de
771 2615 888 2684 srripto,
908 2614 950 2664 rel

127 2709 247 2752 oretenus
256 2699 417 2759 recitentnr;
432 2698 547 2752 subeunt
561 2699 623 2751 dein
637 2715 731 2750 norem
744 2697 871 2750 trutinum
887 2715 951 2750 con·

128 2781 314 2848 indictionis,
333 2782 531 2850 castigationis,
545 2781 735 2845 correctionis,
749 2781 804 2836 sire
823 2783 952 2852 replicen-

127 2869 173 2933 ιο,
183 2869 359 2940 duplicando,
376 2869 546 2940 triplicando,
558 2867 785 2940 quadruplicsudo
797 2868 952 2939 procedunt,

130 2954 294 3024 usquedum
315 2957 343 3008 in
363 2972 446 3007 ιιιιιιιιι
466 2963 568 3008 coeunt·

64 3080 89 3119 Η
164 3037 198 3092 Et
215 3057 283 3108 quse
303 3039 342 3092 sic
361 3040 501 3110 placuere,
517 3040 545 3090 in
561 3039 659 3106 jucium
673 3053 823 3090 recessuum
837 3034 951 3090 formem

66 3153 92 3192 η
130 3121 303 3194 rediguntur,
323 3133 350 3176 et
370 3123 512 3193 unicuique
531 3121 609 3176 classi
622 3121 654 3174 ecl
670 3121 887 3192 perlustrandum
902 3102 957 3174 tro:

128 3205 236 3264 duntur.
252 3208 376 3263 Tendens
396 3206 464 3262 bene
478 3207 589 3271 scrisis,
608 3205 740 3260 conclusis
760 3206 908 3259 recessibus
926 3216 954 3258 et

123 3293 224 3362 sigiliis
243 3293 405 3365 principum
427 3293 557 3357 munitis,
576 3303 662 3344 stntns
673 3292 851 3361 provinciales
863 3289 896 3343 sd
912 3290 951 3344 ri·

121 3375 238 3432 tendum
263 3375 429 3448 promulgeri
448 3377 578 3440 citantur,
598 3385 625 3428 el
639 3375 672 3426 sd
686 3375 833 3442 rigorosarn
847 3389 951 3425 eornm·

122 3463 179 3518 dero
199 3462 383 3518 secretionem
403 3472 560 3524 suoneniur,
576 3459 733 3530 tandemque
750 3459 935 3512 dimittuntur.

64 3581 89 3628 υ
162 3549 191 3601 Si
213 3566 282 3602 sero
302 3547 367 3604 teies
387 3561 430 3598 res
443 3545 609 3608 inciderent,
624 3554 653 3598 ut
665 3562 718 3597 non
729 3561 796 3614 opus
810 3543 847 3596 sit
860 3544 894 3596 de
905 3543 953 3594 iis-

120 3630 218 3684 deruin
235 3631 523 3686 unirerssiioonrentu
538 3629 697 3694 deliberari,
712 3629 880 3700 perticulsris
895 3639 951 3681 tun·

120 3727 173 3770 turo
193 3719 236 3772 sel
257 3717 447 3788 deputatorum
467 3715 612 3768 concilium
633 3714 799 3777 instituitur,
825 3714 857 3765 od
881 3710 952 3784 quod

118 3817 149 3854 ex
167 3803 302 3854 onrninns
320 3799 448 3853 ordinum
469 3815 580 3851 nurnero
598 3799 706 3868 quidum
720 3799 888 3862 ablegentur,
907 3797 953 3868 qui

119 3888 151 3944 tle
168 3889 373 3962 rempublicam
392 3887 600 3959 respicientibus
626 3890 705 3942 rebus
732 3891 900 3956 consultant,
926 3899 953 3942 et

118 3993 306 4047 quoecumque
322 3987 487 4030 coeterorum
508 3976 618 4028 nomine
637 3977 833 4038 deliberarere,
853 3984 880 4028 cl
892 3993 953 4028 con·

117 4061 243 4126 uterere,
256 4059 375 4132 perinde
387 4060 575 4123 redimuntur,
588 4079 618 4114 sc
631 4061 653 4113 si
666 4061 699 4113 sb
713 4061 846 4114 uniuersis
858 4070 883 4113 et
897 4059 954 4112 sin·

116 4143 187 4212 gulis
205 4143 358 4198 constitute
377 4153 482 4208 esseut,
496 4143 559 4197 odd.
572 4143 670 4198 illustr.
683 4141 756 4196 dms
771 4141 951 4198 Sechendoril'.

117 4224 155 4278 in
180 4227 339 4282 Teurseien
358 4225 596 4292 Feretro-Seres,
623 4239 698 4297 porr.
724 4239 747 4280 ι.
770 4247 793 4282 c.
814 4240 837 4280 ι.
862 4247 889 4284 n.
913 4240 953 4281 ιι.

122 4310 250 4363 Αιιιιιιει.
275 4307 391 4362 Fritseb·
410 4307 440 4360 in
458 4319 538 4362 tract.
552 4311 584 4363 de
597 4321 722 4364 convent.
734 4331 811 4383 prou.
824 4331 846 4366 e.
864 4323 886 4364 ι.
900 4314 953 4366 Do.

120 4393 258 4465 bulolph.
283 4395 371 4459 Engo.
390 4393 423 4446 de
439 4402 504 4446 etot.
522 4395 628 4466 region.
652 4397 744 4450 Geren.
764 4414 787 4450 c.
807 4407 831 4449 ι.
849 4417 876 4452 n.
898 4411 940 4452 ιι.

61 4506 87 4550 tt
159 4479 284 4533 Clendst
312 4478 362 4530 hoc
387 4486 468 4548 ceput
486 4477 519 4531 de
537 4479 711 4534 consentibus
728 4498 856 4551 prsesens
872 4500 953 4553 qene-

119 4564 186 4618 stio:
200 4583 238 4617 sn
255 4563 288 4616 iu
307 4561 427 4616 comitiis
448 4563 661 4634 provincialibus
679 4565 826 4634 majoribus
840 4565 907 4620 rotis
919 4567 956 4621 sit

58 4649 84 4692 ⁴⁸
118 4644 275 4704 siendum?
288 4648 400 4702 Eisone
417 4645 463 4700 ubi
482 4649 573 4719 plnres
592 4650 620 4704 in
640 4667 786 4704 commuue
810 4652 954 4706 consulunt

115 4737 176 4806 jure
194 4734 343 4806 seqnnles.
363 4732 469 4788 rstione
492 4735 606 4788 netursli
632 4743 660 4787 et
682 4735 818 4790 communi
838 4735 955 4805 gentium

56 4826 82 4870 ιι
117 4837 166 4872 nso
189 4816 333 4880 involuit,
358 4825 388 4870 ιιι
413 4817 497 4884 molor
516 4835 579 4887 pers
603 4819 693 4874 vincet
717 4821 859 4875 minorem.
879 4821 955 4889 lingo

122 4903 199 4958 Gor.
214 4903 252 4956 de
268 4898 334 4971 p‘ure
352 4898 418 4952 belli
435 4910 461 4952 et
475 4899 562 4969 poris.
580 4901 627 4954 lib.
648 4913 671 4956 t.
692 4919 717 4954 o.
738 4916 763 4955 s.
782 4921 809 4954 n.
827 4915 864 4956 ιι.
879 4902 955 4974 Quod

119 4987 144 5040 si
164 4997 194 5042 et
214 4987 248 5040 in
272 4985 345 5038 hisce
365 4983 486 5038 comitiis
504 4987 593 5036 lucum
612 4984 666 5039 sibi
686 4986 822 5038 vindicare
835 4987 897 5055 quis
915 4988 957 5040 di·

117 5073 210 5136 serit,
240 5069 430 5142 putareritqne
449 5069 560 5134 majoris
579 5070 663 5138 pertis
680 5070 812 5122 conclusis
831 5071 955 5124 standum

116 5172 195 5222 esse,
215 5171 305 5226 esque
325 5153 405 5206 etium
431 5152 621 5207 dissentientes
647 5153 779 5223 obligare,
802 5163 876 5207 certe
900 5155 959 5208 sine

995 1327 1131 1397 superior,
1153 1329 1198 1379 sed
1217 1346 1250 1381 ex
1271 1331 1315 1382 ilia
1336 1341 1445 1384 naturae
1463 1335 1536 1402 lege,
1554 1353 1621 1406 quse
1641 1337 1697 1390 ruit
1715 1353 1816 1410 purtem

994 1429 1114 1475 omnem,
1130 1431 1264 1484 qnuepors
1277 1426 1330 1480 est,
1343 1415 1462 1470 ordinari
1476 1419 1507 1470 sd
1520 1419 1619 1474 bonum
1635 1423 1727 1486 lolius,
1740 1424 1821 1493 Engo

997 1497 1071 1550 Grot.
1085 1497 1110 1549 d.
1125 1498 1188 1566 imp.
1201 1515 1298 1552 snosm.
1310 1511 1409 1570 potest.
1423 1502 1494 1555 circo
1508 1520 1563 1558 suc.
1578 1523 1600 1560 c.
1614 1515 1639 1557 ι.
1652 1524 1680 1558 ιι.
1691 1509 1818 1560 ellicum
1857 1528 1886 1572 ss

996 1598 1057 1636 sero
1072 1583 1099 1634 in
1114 1583 1292 1636 electionibus
1312 1585 1353 1651 id,
1373 1586 1443 1655 quod
1463 1587 1507 1640 bic
1526 1589 1559 1640 de
1578 1589 1673 1658 mojori
1687 1601 1762 1662 perte
1777 1591 1820 1644 dt-

997 1666 1083 1730 citur,
1102 1680 1225 1738 respectu
1245 1671 1344 1735 torius,
1362 1688 1396 1722 ιιι
1416 1688 1476 1725 sero
1495 1673 1725 1727 minorisnumeri
1740 1675 1821 1729 intel·

996 1755 1134 1823 iigendum
1153 1758 1198 1822 sit,
1217 1755 1415 1826 pulcherrimae
1429 1769 1470 1810 est
1482 1761 1656 1830 quaestionis.
1668 1765 1701 1816 V.
1713 1762 1749 1816 G.
1763 1774 1824 1818 sunt

997 1851 1096 1910 septem
1111 1851 1260 1904 senatores,
1274 1859 1388 1911 quorum
1409 1845 1461 1898 duo
1474 1847 1497 1898 si
1511 1847 1612 1915 eligent
1624 1851 1760 1902 consulem
1775 1849 1823 1902 Ti-

997 1925 1080 1988 lium,
1101 1935 1155 1977 tres
1176 1925 1383 1994 Sempronium,
1408 1925 1460 1980 duo
1480 1927 1590 1996 Seium,
1616 1929 1689 1982 uuita
1707 1930 1823 1986 istorum

998 2013 1085 2078 major
1104 2030 1166 2083 pers
1185 2013 1239 2064 tici
1260 2014 1374 2084 poterit,
1393 2011 1439 2066 sed
1457 2025 1578 2084 oportet,
1593 2027 1620 2070 ut
1634 2017 1730 2074 sbuno
1743 2020 1826 2074 latero

998 2105 1067 2148 stent
1085 2107 1222 2149 senatores
1239 2109 1358 2165 quatuor.
1380 2099 1433 2152 snt
1454 2099 1483 2150 in
1502 2100 1623 2168 collegiis
1649 2102 1749 2172 passini
1774 2121 1824 2158 usn

998 2179 1133 2243 obtinuit,
1153 2193 1179 2234 ut
1197 2181 1268 2250 quud
1288 2183 1372 2248 mejor
1392 2199 1517 2237 numerus
1535 2203 1588 2238 non
1606 2189 1714 2256 quidem
1736 2205 1827 2261 respe-

997 2274 1043 2319 ctu
1063 2266 1160 2329 tutius,
1179 2265 1224 2318 sed
1245 2265 1360 2320 minoris
1378 2267 1464 2337 pertis
1483 2269 1614 2334 decrerit,
1631 2283 1718 2326 return
1733 2274 1782 2334 sit,
1796 2283 1824 2328 et

998 2351 1038 2405 sic
1057 2353 1078 2402 si
1102 2361 1154 2403 tres
1176 2351 1382 2424 Sempronium,
1403 2351 1455 2406 duo
1473 2353 1592 2417 Titium,
1613 2365 1641 2408 et
1659 2355 1711 2410 duo
1729 2357 1823 2412 itidem

1002 2437 1093 2506 Sejuro
1113 2437 1259 2506 eligerent,
1279 2437 1363 2508 primi
1383 2439 1425 2492 iili
1446 2449 1499 2492 tres
1511 2441 1694 2510 praevalerent.
1708 2444 1779 2496 Mer.
1792 2445 1830 2498 od

999 2521 1047 2594 jor
1066 2519 1121 2575 tui.
1141 2519 1159 2573 l.
1183 2533 1203 2572 ι.
1223 2532 1275 2574 err.
1296 2533 1321 2572 ι.
1340 2541 1368 2575 n.
1389 2535 1428 2575 ss.
1451 2524 1502 2576 i'o.
1523 2523 1623 2576 Bruun.
1643 2524 1681 2579 od
1700 2525 1725 2578 el.
1743 2526 1762 2578 l.
1786 2538 1824 2580 ss.

1002 2625 1029 2658 n.
1050 2618 1074 2658 ι.
1094 2617 1118 2656 ι.
1140 2605 1192 2658 Du.
1213 2607 1299 2673 ziegt.
1317 2606 1356 2660 ed
1373 2609 1452 2660 Grot.
1465 2608 1483 2659 t.
1500 2619 1522 2660 ι.
1534 2625 1556 2662 c.
1573 2621 1596 2662 ι.
1610 2615 1632 2671 ι.
1646 2621 1668 2662 ι.
1678 2627 1743 2682 pag.
1762 2623 1824 2666 ιιι.

1002 2692 1031 2744 in
1046 2689 1101 2762 fin.
1121 2687 1195 2760 confi
1214 2691 1366 2743 lilonearob.
1380 2692 1413 2746 de
1424 2701 1488 2746 stul.
1500 2692 1563 2762 imp.
1583 2695 1676 2748 Germ·
1691 2711 1715 2748 o.
1730 2703 1754 2748 ι.
1767 2702 1788 2760 ς.
1802 2709 1825 2754 ι.
1894 2689 1904 2704 ’

1004 2775 1097 2846 Carpe.
1115 2792 1144 2841 p.
1168 2787 1187 2827 t.
1207 2793 1229 2829 c.
1250 2785 1291 2829 ιι.
1310 2774 1336 2827 ιι.
1358 2787 1400 2831 tt.

1041 2861 1149 2914 Accidit
1169 2871 1256 2914 tumen
1276 2864 1449 2932 quaudoque,
1469 2874 1499 2918 nt
1518 2865 1583 2922 boec
1595 2883 1644 2938 pro
1655 2869 1744 2939 reguis
1762 2887 1827 2924 con·
1868 2894 1899 2937 ιι

1004 2965 1074 3000 cesse
1094 2947 1181 2998 locum
1202 2945 1300 3000 habere
1318 2964 1370 2999 nnn
1390 2951 1503 3018 possint.
1525 2951 1571 3005 Sic
1590 2953 1618 3004 in
1641 2957 1745 3024 negotio
1764 2957 1827 3010 reli·
1865 2969 1895 3010 ιι
1987 2993 1991 3002 .

1003 3030 1092 3098 gionis
1111 3029 1276 3084 sdrnitiends
1297 3049 1350 3083 non
1370 3044 1550 3088 secretorum
1570 3038 1726 3108 pluralitus,
1745 3058 1828 3110 quon·

1005 3113 1111 3167 turned
1130 3111 1213 3168 iidem
1233 3115 1367 3168 internam
1389 3127 1416 3170 et
1435 3120 1565 3188 cogendss
1583 3125 1768 3180 conscientias.
1787 3125 1829 3182 Ne
1866 3131 1899 3176 ιι

1004 3207 1092 3251 lemen
1107 3199 1166 3251 lites
1179 3199 1247 3252 circs
1259 3199 1405 3254 doctrinam
1419 3205 1624 3274 progredientur
1637 3210 1664 3263 in
1678 3209 1830 3277 infinitum,

1003 3282 1084 3334 ιιιιιιὶ
1106 3293 1192 3352 potest
1211 3283 1239 3334 in
1259 3286 1394 3355 provincis
1408 3290 1448 3341 rel
1462 3306 1543 3360 regno
1555 3295 1756 3362 probationibus
1769 3316 1830 3369 pss-

1006 3369 1072 3420 tium
1093 3371 1190 3422 modus
1208 3378 1235 3423 et
1254 3371 1404 3425 defensioni
1423 3375 1523 3445 aliquis
1544 3380 1684 3432 terminos.
1710 3379 1824 3452 Compe-
1866 3387 1899 3430 ιι

1007 3452 1042 3504 ιιι
1061 3470 1121 3506 sero
1141 3463 1205 3506 luein
1219 3453 1337 3525 principi
1354 3468 1469 3528 potestus
1482 3462 1630 3530 exequendi
1645 3463 1688 3528 id,
1702 3467 1774 3535 quod
1790 3468 1829 3521 ite

1004 3544 1066 3605 post
1078 3536 1229 3606 legitimum
1242 3539 1366 3596 ordinem
1382 3553 1410 3596 ei
1422 3545 1528 3598 modurn
1541 3547 1701 3618 disputando
1715 3549 1747 3602 cb
1758 3550 1829 3616 ejus·

1007 3617 1067 3672 dem
1086 3621 1264 3690 professionis
1284 3627 1393 3679 ecclesie
1413 3626 1533 3684 elicitum
1553 3641 1607 3696 est,
1630 3634 1752 3704 qnodque
1770 3637 1828 3708 ipse

1002 3721 1052 3774 pro
1071 3723 1132 3759 sero
1152 3707 1246 3774 habet,
1264 3721 1290 3765 et
1307 3713 1387 3764 verbo
1400 3712 1449 3766 Dei
1465 3727 1669 3769 consentaneum
1683 3718 1833 3790 depreben-

1005 3789 1085 3842 deril.
1098 3795 1264 3862 Quamquam
1285 3797 1358 3848 enirn
1379 3797 1549 3866 megistrstus
1562 3801 1594 3853 ud
1608 3803 1770 3858 credendum
1786 3805 1829 3872 id,
1867 3822 1900 3866 ιι

1004 3873 1073 3944 quod
1093 3879 1211 3947 plurium
1230 3877 1366 3948 suffragiis
1385 3881 1579 3952 homologalnm
1600 3898 1658 3952 esi,
1672 3906 1765 3959 cogere
1777 3907 1832 3945 non

1001 3961 1102 4030 possit,
1122 3979 1213 4018 cerere
1234 3974 1322 4018 iernen
1342 3975 1443 4035 potest,
1465 3985 1497 4020 ue
1511 3971 1619 4038 publice
1631 3972 1753 4030 docentur
1766 3992 1831 4030 cou-

1005 4052 1044 4099 ιιι
1065 4047 1183 4116 plurium
1204 4049 1381 4115 senteutiam,
1400 4069 1478 4120 quern
1498 4053 1555 4123 ipse
1575 4075 1623 4130 pro
1648 4075 1707 4111 rere
1731 4059 1831 4127 babet,

1005 4129 1069 4184 odd.
1088 4143 1141 4185 ort.
1162 4145 1186 4185 ι.
1205 4132 1284 4188 inser.
1300 4155 1362 4206 poc.
1382 4137 1535 4208 Osnolrng.
1553 4141 1575 4207 §.
1598 4153 1638 4194 ss.
1658 4142 1745 4212 ibique
1758 4141 1826 4196 Bur·

1003 4216 1077 4284 gold.
1095 4215 1124 4268 in
1142 4229 1199 4270 not.
1218 4217 1281 4288 imp.
1298 4232 1370 4290 port.
1392 4233 1417 4275 2.
1435 4222 1500 4276 disc.
1524 4236 1562 4276 rs.
1581 4221 1606 4294 5.
1630 4225 1761 4279 s.Frenc.
1776 4227 1827 4280 lte-

1006 4302 1058 4355 nic.
1078 4299 1106 4356 in
1125 4303 1220 4374 colleg.
1241 4307 1279 4361 ud
1297 4309 1384 4362 eumd.
1401 4328 1428 4379 p.
1448 4319 1491 4364 to.
1511 4311 1566 4364 Du·
1586 4314 1671 4381 Ziegl.
1689 4315 1727 4368 od
1745 4314 1825 4368 Grot.

1004 4387 1032 4438 ιι.
1050 4386 1102 4440 loc.
1122 4387 1174 4440 Du.
1196 4389 1287 4445 Becrn.
1304 4391 1333 4444 s'n
1351 4394 1411 4462 pol.
1427 4396 1527 4464 poroll.
1546 4396 1611 4450 diss.
1632 4410 1672 4450 tt.
1685 4396 1763 4466 conf.
1778 4399 1828 4454 Sc·

1004 4485 1057 4523 ree.
1075 4469 1228 4525 Monsamb.
1246 4475 1273 4528 d.
1292 4485 1357 4530 stuc.
1370 4477 1433 4548 imp.
1451 4481 1543 4534 Germ.
1557 4481 1576 4531 l.
1587 4494 1610 4536 ι.
1625 4477 1649 4552 5.
1665 4493 1687 4536 ι.
1699 4484 1739 4534 An
1754 4484 1827 4541 idem
1866 4509 1898 4552 gp

1005 4553 1034 4606 iu
1054 4555 1167 4610 muteris
1185 4559 1352 4614 collectorum
1372 4561 1468 4618 tehen
1484 4565 1627 4630 obtinere,
1649 4585 1701 4621 nou
1720 4571 1830 4642 expedi·

1009 4648 1063 4691 turn
1083 4649 1131 4694 est.
1152 4643 1211 4697 Hoc
1228 4653 1331 4698 certum
1352 4655 1410 4713 est,
1430 4647 1454 4700 si
1473 4666 1504 4703 ex
1518 4667 1563 4715 re,
1577 4669 1643 4721 quse
1657 4651 1686 4705 in
1700 4655 1831 4710 consulto·

1008 4724 1079 4778 lione
1098 4736 1235 4796 versetur,
1254 4729 1316 4783 eliis
1333 4731 1452 4797 lucrum,
1471 4734 1533 4789 eliis
1551 4734 1679 4790 ιιιιιιιιιιιι
1705 4741 1829 4806 eveniet,

1007 4825 1119 4862 nurnero
1138 4811 1324 4884 suffragiorum
1344 4819 1538 4888 praejudicium
1553 4821 1652 4875 minori
1665 4825 1731 4894 perti
1752 4821 1830 4889 lieri,

1007 4894 1129 4966 iniquum
1150 4897 1216 4952 lore.
1231 4902 1367 4956 Similiter
1385 4922 1433 4956 nec
1451 4907 1492 4970 ius
1504 4907 1652 4975 quaesitum
1667 4908 1714 4962 bec
1727 4911 1830 4962 ratione
1868 4927 1899 4970 ss

1007 4980 1130 5050 cuiquem
1150 4983 1251 5040 suferri
1271 4997 1366 5056 potest.
1388 4987 1492 5042 Besold.
1512 4990 1545 5042 ιιι
1565 5007 1656 5044 cerer.
1674 5009 1697 5044 c.
1718 5001 1742 5042 ι.
1757 5011 1784 5044 n.
1806 5005 1829 5046 t.

1008 5062 1044 5116 Et
1061 5085 1127 5136 qrne
1145 5069 1176 5120 ed
1196 5071 1302 5138 plures,
1322 5089 1376 5125 nou
1395 5082 1424 5125 ιιι
1442 5071 1474 5126 ud
1493 5075 1655 5144 collegium,
1678 5075 1725 5128 sed
1750 5086 1778 5129 ιιι
1796 5075 1830 5131 ιιι

1008 5149 1127 5219 singulos
1139 5156 1295 5224 pertinent,
1309 5157 1338 5208 in
1350 5157 1386 5208 iis
1398 5141 1681 5228 omnium'requirltur
1691 5176 1829 5226 essensus,

1933 3422 1938 3473 l

118 5240 307 5294 fundamento
328 5241 352 5291 is
371 5239 439 5290 bend
454 5240 516 5292 erit.
531 5259 553 5292 r.
569 5241 717 5292 orontes.
728 5249 802 5308 port.
818 5249 840 5290 ι.
854 5239 879 5290 ιι.
896 5251 955 5292 tot.

57 5331 83 5374 ιι
120 5327 284 5382 Necessitas
303 5324 354 5376 hoe
373 5325 504 5394 postulet,
524 5325 566 5390 jus
579 5324 657 5376 ciuile
670 5324 718 5376 hoc
731 5324 867 5393 approbet.
881 5323 899 5374 l.
915 5334 954 5376 ιι.

120 5429 144 5464 c.
164 5412 201 5466 de
222 5407 397 5464 decurionis.
416 5409 435 5459 l.
454 5409 530 5481 quod
546 5409 644 5476 neojur.
672 5420 710 5462 ts.
730 5411 767 5464 od
795 5407 952 5482 municipul.
1007 5419 1034 5455 n.
1054 5415 1078 5454 t.
1097 5406 1166 5458 Mer.
1183 5425 1210 5473 p.
1233 5418 1256 5458 ι.
1276 5409 1300 5462 ιι.
1322 5421 1382 5462 tot.
1401 5407 1496 5480 nfin.
1517 5413 1630 5480 Quodsi
1644 5413 1724 5481 igitur
1738 5414 1767 5465 in
1782 5431 1825 5466 oo·
1867 5430 1899 5474 ss

120 5496 186 5550 add.
207 5494 330 5550 omnino
350 5497 394 5548 dn.
414 5494 517 5546 Brrrno.
536 5495 563 5547 io
577 5504 720 5546 comment.
734 5494 772 5544 od
780 5493 906 5562 pandect.
919 5493 956 5547 od
1008 5489 1093 5540 millis
1108 5493 1317 5559 provincialibus
1330 5496 1631 5566 numerosuiiregiorum
1646 5499 1745 5552 mitiori
1759 5503 1829 5570 perti

60 5584 85 5625 ι*
123 5583 151 5635 ιι.
170 5583 190 5634 ι.
211 5591 258 5632 ιι.
279 5581 328 5632 lus
347 5581 503 5640 canonicum
519 5581 550 5632 nb
563 5598 594 5630 eo
608 5577 735 5632 differens
751 5597 802 5632 ιιοιι
816 5591 867 5644 cst,
881 5579 950 5648 quud
1005 5574 1198 5641 praejudicium
1220 5573 1280 5642 fiet,
1301 5577 1456 5644 jure'eidem
1472 5583 1585 5650 experiri
1601 5585 1681 5637 licere
1694 5585 1827 5652 arbitror,

114 5666 219 5741 *ipsum
240 5665 274 5717 in
293 5665 393 5720 cunctis
410 5665 545 5732 ecclesiis,
565 5665 755 5728 electionibus,
767 5663 880 5746 uirisque
891 5681 951 5716 coo·
1002 5675 1076 5728 quae·
1086 5658 1206 5732 iniquom
1219 5662 1271 5714 sibi
1285 5664 1466 5718 conditionem
1482 5664 1572 5722 efferri
1585 5680 1664 5740 putet.
1679 5671 1755 5726 Unde
1769 5691 1822 5728 nou
1860 5684 1894 5726 ιι

1006 5242 1033 5286 ct
1051 5235 1142 5302 plures
1163 5255 1241 5290 ιιιιιιιιι
1262 5255 1315 5293 ιιοιι
1334 5241 1499 5310 obligant,l.
1511 5241 1678 5310 perstandum
1696 5241 1782 5312 tbſj.
1795 5246 1828 5298 de

1006 5332 1075 5370 seru.
1094 5330 1159 5372 rust.
1175 5325 1271 5388 proed.
1291 5325 1343 5376 Dn.
1364 5325 1509 5378 Bruunem.
1522 5327 1550 5380 in
1564 5329 1761 5382 comment-cd
1771 5331 1797 5382 ιι.
1812 5329 1829 5382 ι.
