4418 6266
226 211 275 279 811

170 309 282 379 fferre,
300 310 364 368 eitra
382 309 450 381 iuris
467 311 550 366 nostri
569 307 796 372 imminutionem,
817 303 941 374 ililliger.
953 301 984 352 in

172 397 237 450 don.
254 397 272 450 i.
294 409 318 449 1.
337 415 359 450 1.
381 409 421 449 11.
441 397 459 448 l.
476 414 504 448 11.

97 501 128 542 st
208 482 269 536 Post
285 481 354 548 iuste
371 480 516 550 quaesitam
528 488 554 534 et
568 477 689 546 legitime
702 485 826 530 retentam
839 473 984 546 possessio-

12 555 13 560 *
169 581 232 618 nem
251 562 355 618 11111111
367 561 424 634 ipsa
436 563 569 632 possessio
588 561 724 631 sequitur:
739 559 814 622 baec,
829 559 852 610 si
868 559 906 612 sit
924 561 984 610 cnut

171 660 230 702 actu
249 645 402 718 possidendi
416 644 546 716 corporali
557 644 707 709 cortinucta,
720 641 842 696 cortveuit
854 659 913 694 cum
927 639 984 710 ipsa

168 729 317 784 retentione
332 728 521 801 possessionist
534 726 603 798 qnod
618 726 640 780 si
655 743 715 780 vero
728 725 911 780 consideretur
922 747 983 797 qua·

171 824 249 868 111111
267 813 320 881 ient
340 823 380 866 est
398 814 426 867 iu
445 831 502 868 esse
521 831 598 868 snum
617 812 740 874 deducte,
758 821 787 864 et
805 812 834 864 in
851 820 911 866 actu
922 832 985 868 cou-

74 953 78 964 ,
178 898 287 964 stituta,
305 901 347 968 jus
364 909 417 961 est,
435 897 454 950 1.
470 893 563 966 toff-
583 898 615 950 de
633 915 659 948 n.
677 915 705 966 p.
719 895 738 947 l.
754 907 777 946 1.
796 901 817 957 t.
839 907 879 952 11,
889 895 931 966 ffi
951 915 985 952 ne

172 983 239 1052 quid
247 981 276 1034 in
286 982 338 1035 loc.
349 983 423 1054 publ.
435 981 544 1036 Covsrr.
561 981 607 1034 sit.
625 981 644 1034 1.
663 999 690 1032 n.
705 991 730 1032 1.
748 979 847 1034 Β11111.
859 982 904 1049 qui
918 982 986 1035 hanc

172 1068 332 1122 sententiam
351 1079 489 1139 propterea
508 1075 582 1121 sucat
598 1081 780 1128 communem,
795 1063 863 1135 qnod
878 1081 925 1118 nec
938 1063 986 1118 du·

167 1151 313 1204 'bitandum
331 1151 368 1202 sit
386 1149 420 1204 de
437 1168 474 1203 ea.
492 1151 612 1218 Utroque
636 1145 714 1200 modo
738 1145 903 1200 considerate
928 1164 986 1216 pos·

172 1235 291 1289 sessione
308 1232 373 1304 quid
391 1232 563 1286 sentiendum
582 1231 636 1298 sit,
653 1247 688 1284 ex
711 1227 927 1282 antecedentibus
953 1230 988 1282 li·

192 1327 245 1370 net.

172 1335 190 1388 q
215 1395 291 1452 Circa
305 1414 394 1452 rerum
406 1396 546 1452 mobilium
558 1395 734 1467 possessionis
748 1395 920 1452 retentionem
935 1415 989 1450 uts-

175 1481 216 1547 111
233 1493 272 1534 111
289 1475 436 1532 difficultas
454 1482 531 1549 jnrls.
549 1479 627 1532 Unde
644 1481 795 1548 quaeritur,
813 1499 846 1532 an
865 1498 987 1550 praesen·

174 1564 211 1616 tie
230 1573 318 1616 nostra
336 1575 460 1634 operetur
479 1581 568 1618 earum
587 1565 779 1634 possessionem
791 1574 800 1597 ·'
821 1567 891 1620 Sane
916 1567 989 1620 vide·

175 1657 220 1700 tur
237 1648 286 1700 boc
304 1646 341 1699 ita
358 1644 547 1700 ailirmandnm
568 1665 617 1718 per
635 1650 653 1700 l.
676 1663 700 1704 1.
718 1658 741 1713 ς.
763 1661 802 1704 ts·
822 1651 868 1704 ubi
889 1651 990 1705 dicitnr

175 1748 224 1784 sus
240 1731 266 1784 si
283 1731 427 1797 exciderit,
448 1742 478 1785 111
495 1751 554 1786 non
570 1732 731 1788 inveniatur
746 1735 876 1806 protinus
893 1747 991 1790 nostro

180 1816 353 1884 possessione
370 1815 470 1876 enimi,
487 1815 582 1868 liceto
601 1816 676 1870 anilo
693 1816 884 1884 possideatur,
903 1819 991 1888 quale-

179 1895 248 1968 quid
267 1895 360 1951 itidem
380 1898 508 1952 asseritur
527 1899 555 1952 iu
574 1900 591 1952 t.
608 1897 692 1968 taff.
704 1901 764 1955 eod.
782 1899 815 1953 de
834 1902 949 1970 pecude,
969 1902 992 1954 si

178 1981 335 2037 oberraverit
350 1983 392 2036 vel
410 1994 585 2054 conspectum
603 1993 722 2038 nostrum
748 1982 878 2054 effugerit.
893 1987 992 2038 Verum

180 2066 280 2118 rectius
301 2065 541 2120 subdistinctione
566 2067 611 2120 bic
635 2066 852 2138 respondendum
877 2079 922 2122 est.
944 2067 995 2122 bnt

176 2166 219 2203 res
239 2149 291 2201 ista
310 2149 358 2201 snb
375 2150 495 2204 custodia
512 2162 603 2206 nostre
621 2153 791 2216 continetur,
810 2143 994 2222 ant'esempta

180 2237 228 2284 eal.
249 2231 337 2284 Priori
356 2250 418 2287 casn
436 2236 584 2304 praeseutia
603 2235 698 2287 tribuit
711 2232 834 2288 effectum
848 2237 993 2307 possessio·

178 2317 223 2369 nis
240 2316 435 2371 continuandae
461 2336 507 2389 per
531 2337 605 2391 expe.
624 2320 643 2371 l.
663 2331 687 2374 1.
706 2325 727 2382 1.
749 2332 789 2374 11.
812 2319 995 2391 111111111-

173 2415 223 2451 sus
242 2418 266 2452 v.
284 2417 305 2452 1.
325 2418 367 2454 me
385 2399 416 2452 iu
435 2398 512 2454 domo
527 2419 583 2456 mee
596 2401 746 2474 seposuisse
756 2412 855 2456 certam
872 2403 996 2472 pecuniae

177 2499 326 2548 summam,
345 2485 374 2538 11
394 2483 529 2557 praesenti
549 2503 622 2549 eam,
640 2503 700 2538 eum
717 2502 785 2557 opus
797 2486 932 2550 hebetem,
943 2502 996 2536 uon

179 2569 256 2638 potui
275 2569 401 2639 reperire,
415 2589 493 2640 qnam
508 2571 625 2622 maxime
637 2571 718 2622 etiem
732 2567 931 2638 requisiverim.
943 2571 997 2621 Ve-

181 2653 239 2705 rius
256 2664 313 2717 est,
333 2673 374 2708 me
394 2653 572 2708 nibilominus
591 2652 748 2724 possidere,
768 2665 856 2706 manet
868 2653 940 2706 enim
949 2669 999 2724 pet·

178 2735 204 2787 d.
223 2737 240 2788 1.
259 2738 343 2792 adbuc
362 2737 409 2791 sub
435 2756 491 2790 ntea
516 2737 650 2799 custodia,
667 2737 731 2790 licet
756 2755 808 2790 ttcn
833 2738 997 2808 reperiatur,

175 2822 237 2890 quia
257 2822 402 2892 praesentia
426 2825 484 2891 ejus
510 2833 567 2885 est,
590 2831 617 2873 et
643 2829 745 2872 tantum
770 2832 854 2874 cesset
881 2819 997 2890 diligens

176 2906 329 2976 inquisitio,
349 2907 439 2961 1111.
459 2918 504 2958 11.
512 2903 555 2976 ff.
572 2904 633 2958 1111.
653 2904 800 2956 Posteriori
820 2915 903 2956 autem
923 2919 999 2969 casu,

174 2990 199 3042 ai
222 3007 263 3042 res
282 2991 446 3060 praesentiae
465 2999 570 3044 nostrae
584 2989 620 3040 sit
633 2996 757 3056 exempta
775 2995 802 3038 et
818 2985 899 3038 simul
912 2997 998 3040 custo·

178 3073 221 3126 dia
239 3074 371 3140 liberata,
392 3074 539 3128 desinimus
557 3091 613 3126 eam
633 3071 779 3144 possidere.
797 3071 832 3124 Et
846 3072 880 3124 de
893 3071 941 3123 boc
954 3087 996 3124 cs-

177 3176 207 3212 su
227 3159 347 3229 loquitur
353 3200 362 3226 ,
382 3160 400 3214 l.
415 3172 455 3214 11.
465 3158 507 3228 ff.
530 3161 555 3212 t.
575 3171 596 3211 t.

212 3243 324 3310 Unicus,
337 3257 465 3313 quantum
484 3245 553 3296 mibi
572 3254 680 3310 constat,
694 3263 768 3298 casus
779 3245 824 3298 bic
837 3243 908 3315 parit
920 3259 997 3296 esce·

179 3327 322 3398 ptionem,
342 3339 433 3399 estque
451 3329 478 3385 iu
497 3346 571 3381 servo
592 3325 712 3395 fugitivo,
727 3328 771 3380 bic
784 3327 847 3382 licet
859 3326 997 3396 aufugerit,

178 3424 202 3466 et
219 3412 305 3466 oculis
324 3413 424 3466 nostris
442 3411 627 3482 custodiaeque
646 3427 703 3463 sese
728 3411 875 3480 eripuerit,
894 3426 998 3481 posses-

178 3497 281 3548 sionem
296 3507 380 3552 tamen
394 3507 507 3550 nostram
521 3496 694 3548 intervertere
707 3495 811 3564 nequit,
826 3510 859 3545 ue
872 3492 931 3563 ipsc
949 3491 998 3542 hoc

178 3579 264 3634 iacere
283 3582 349 3632 velle
368 3581 499 3646 videatur,
512 3596 560 3650 per
579 3579 597 3632 l.
621 3592 659 3632 ts.
679 3590 705 3632 et
721 3577 808 3648 111,]
826 3577 852 3630 ti.
867 3597 894 3630 n.
906 3593 932 3646 p.
947 3577 993 3630 Se·

178 3683 224 3718 cus
244 3683 271 3719 se
290 3666 371 3719 babet
390 3667 419 3720 in
436 3665 561 3720 omuibus
578 3664 639 3717 eliis
658 3663 755 3730 rebus,
781 3663 872 3734 equis,
896 3661 997 3724 bobus,

176 3747 289 3800 canibus
306 3751 414 3814 aliisve,
433 3747 545 3802 simulac
562 3749 636 3800 enim
660 3747 710 3799 bae
736 3747 857 3801 absentes
882 3743 999 3813 inerint,

181 3834 271 3886 statim
290 3836 371 3887 etiam
391 3833 524 3904 possessio
542 3843 633 3886 nostra
651 3850 710 3886 esse
727 3830 838 3885 desinit.
907 3818 919 3864 s

216 3915 256 3970 Ex
274 3919 448 3988 possessionis
467 3919 580 3971 materia
598 3915 661 3968 fluit
673 3914 801 3984 usucapio
816 3932 860 3968 seu
876 3915 999 3985 praescri·

180 3999 255 4070 ptioe
275 4018 341 4070 quae
357 4003 415 4070 jure
434 4001 508 4055 civili
529 3999 682 4053 introducta
700 4009 748 4052 est.
769 3997 842 4068 Quid
861 4015 907 4068 per
925 4015 999 4068 prae-

179 4095 268 4138 sentet
286 4083 330 4138 bic
348 4087 528 4156 intelligatur,
547 4101 579 4136 ex
598 4081 684 4154 priori
704 4085 791 4152 capite
807 4091 999 4151 repetere,su·

180 4168 310 4238 periluum
329 4179 378 4222 est.
398 4171 451 4223 iiic
463 4185 527 4223 nero
539 4177 648 4231 uotum,
661 4165 771 4236 duplum
783 4165 911 4236 temporis
922 4183 999 4237 prae·

179 4247 264 4305 baum
283 4270 341 4306 esse
360 4251 553 4314 absentitibns,
571 4248 697 4318 simplum
716 4262 780 4300 vero
800 4247 998 4318 praesentibus,

537 211 585 268 DE
601 210 692 270 tuuc
712 193 1086 266 1111111111111111
1107 196 1220 258 tertis
1240 197 1350 254 trttEtt
1370 200 1487 258 VlVOS.

1756 214 1809 276 liis

1034 295 1133 362 inerit,
1153 297 1222 350 node
1242 298 1368 354 lucillima
1382 316 1486 372 semper
1500 301 1552 358 erit
1564 319 1669 358 casuum
1684 305 1791 362 decisio.
1806 311 1859 364 vid.

1033 389 1089 434 11111.
1108 379 1154 432 dn.
1172 381 1414 450 praesedisset..
1433 384 1458 436 11.
1478 395 1498 436 t.
1516 387 1546 440 in
1564 389 1661 460 quibus
1681 399 1707 444 11
1724 411 1772 464 ego
1788 412 1859 450 uunc

1033 462 1181 532 ecquiesco.

1071 545 1246 600 Donationem
1266 548 1414 620 simplicem
1435 551 1507 606 inter
1531 553 1654 610 absentes
1680 555 1741 612 iteri
1768 581 1863 633 posse,
1903 570 1934 612 ⁴⁰

1034 629 1079 682 vis
1099 629 1222 684 dubitent
1241 631 1342 686 doctor.
1360 632 1394 686 ob
1412 636 1431 687 t.
1450 637 1561 692 absenti.
1586 653 1625 693 tc.
1637 640 1678 710 ff.
1693 645 1726 697 de
1740 645 1803 700 dou.
1819 649 1863 702 st-

1034 713 1123 768 nbard.
1143 717 1263 770 11111111.
1282 736 1306 770 1.
1323 720 1383 772 eod.
1404 739 1431 771 n.
1457 735 1493 774 11.
1515 723 1584 793 111χῖ
1604 727 1674 782 Mihi
1695 733 1784 784 verior
1805 751 1863 788 esse

1035 797 1140 852 ridetur
1159 802 1290 857 sententia
1309 805 1453 868 contraria,
1477 825 1536 860 cum
1556 809 1661 864 Covsrr.
1680 831 1707 880 p.
1739 825 1762 868 t.
1787 817 1862 872 rubr.

1035 881 1066 934 tie
1083 892 1185 935 testum.
1203 902 1231 936 11.
1254 897 1294 938 11.
1313 885 1368 940 Ν11
1387 891 1460 942 enirn
1481 889 1559 946 lacile
1576 896 1636 966 quis
1655 897 1802 968 negaverit,
1816 899 1863 953 do·

1035 967 1168 1020 nationem
1189 969 1293 1022 absenti
1312 969 1408 1024 inntens
1428 976 1487 1027 siue
1505 978 1555 1030 ulla
1574 997 1650 1032 11111
1661 1019 1669 1046 ,
1691 983 1745 1036 1111
1767 985 1861 1054 poeni·

1036 1051 1115 1104 1111111
1134 1051 1283 1115 donatoris,
1305 1073 1381 1122 posse
1402 1059 1528 1110 revocari.
1545 1061 1644 1116 Glosso
1658 1069 1793 1120 communi
1807 1068 1862 1120 cal·

1036 1137 1096 1187 culo
1115 1136 1220 1206 proheta
1242 1135 1270 1188 in
1290 1137 1309 1188 l.
1327 1137 1402 1192 ittae.
1420 1158 1444 1193 e.
1465 1143 1497 1193 de
1514 1163 1548 1195 ss.
1567 1147 1630 1197 eccl.
1652 1147 1736 1216 igitur
1750 1149 1859 1202 donatio
1899 1135 1928 1178 ⁴¹

1036 1221 1107 1271 nulla
1132 1221 1230 1290 poterit
1255 1239 1312 1274 esse
1337 1224 1439 1290 valida,
1464 1239 1604 1298 antequam
1629 1227 1782 1284 donatarius
1807 1250 1863 1286 rem

1038 1303 1090 1355 sibi
1111 1304 1236 1359 donatam
1256 1307 1364 1362 sciverit
1383 1319 1410 1362 11
1428 1315 1617 1382 acceptaverit,
1630 1312 1656 1365 d.
1671 1315 1688 1366 l.
1708 1330 1748 1370 to.
1761 1329 1787 1370 et
1800 1317 1864 1372 ibid.

1038 1388 1091 1439 Dn.
1112 1387 1213 1442 Brnun.
1233 1393 1329 1445 Zasius
1354 1411 1382 1445 11.
1411 1405 1452 1446 11.
1481 1397 1569 1448 Strur.
1600 1415 1689 1451 escere.
1719 1411 1743 1451 c.
1770 1407 1791 1462 §-
1819 1413 1865 1455 st.

1039 1470 1213 1544 Trcntacinq.
1230 1475 1249 1525 1.
1271 1489 1293 1526 1.
1312 1475 1346 1528 de
1363 1477 1461 1531 donat.
1480 1479 1561 1531 resol.
1584 1492 1606 1533 t.
1633 1485 1703 1552 qnod
1724 1483 1863 1553 procedit,

1038 1555 1145 1610 etiamsi
1165 1559 1283 1611 notarius
1296 1562 1335 1612 111
1350 1563 1442 1614 tertius
1457 1579 1595 1632 praesens,
1610 1569 1718 1620 nomine
1732 1567 1865 1620 donatarii

1040 1637 1172 1700 absentis,
1193 1640 1316 1696 donatum
1337 1645 1521 1714 acceptaverit.
1534 1646 1593 1699 Nisi
1607 1651 1678 1703 enirn
1695 1649 1868 1705 ratihabuerit

1041 1723 1090 1776 bon
1109 1723 1277 1792 donatarius,
1299 1727 1356 1798 ipse
1375 1727 1487 1781 donator
1507 1747 1562 1782 rem
1584 1733 1629 1783 alii
1651 1733 1753 1786 tradere
1777 1742 1804 1786 et
1829 1731 1867 1785 ie-

1041 1818 1112 1861 ctnm
1134 1808 1283 1862 invalidare
1301 1822 1401 1879 potest,
1420 1828 1480 1862 cum
1501 1813 1547 1866 cit.
1566 1813 1628 1869 ddr.
1653 1815 1761 1870 Covsrr.
1786 1817 1829 1870 cit.
1848 1819 1866 1870 i.

1042 1909 1071 1942 11.
1094 1902 1133 1943 11.
1151 1893 1223 1962 qnod
1243 1902 1331 1946 tamen
1350 1895 1451 1950 iterum
1473 1899 1626 1966 limitatur,
1639 1901 1663 1956 si
1677 1901 1737 1974 ipse
1750 1903 1869 1958 notarius

1042 1974 1153 2029 alterius
1172 1977 1282 2030 nomine
1302 1997 1358 2032 reus
1387 1979 1533 2050 stipulatus
1559 1979 1650 2038 inerit.
1677 1985 1734 2038 iioc
1758 2003 1872 2056 namque

1042 2077 1120 2126 casu,
1140 2071 1202 2114 unte
1221 2061 1439 2116 ratihabitionem
1462 2064 1608 2132 donatarii,
1635 2067 1730 2121 itidem
1756 2069 1870 2124 validam

1045 2159 1119 2208 esse,
1138 2161 1187 2196 nee
1205 2147 1323 2198 revocari
1344 2163 1441 2216 posse,
1459 2148 1560 2214 solunt,
1579 2149 1647 2203 doct.
1674 2167 1734 2204 cnm
1763 2151 1870 2208 Covsrr.

1042 2245 1065 2281 c.
1085 2227 1104 2278 l.
1123 2238 1150 2280 et
1168 2228 1185 2279 l.
1209 2240 1231 2281 t.
1251 2230 1354 2282 varior.
1372 2231 1451 2285 sesni·
1470 2251 1492 2286 1.
1510 2242 1552 2287 tt.
1570 2252 1597 2285 11.
1619 2247 1661 2288 tt.

1080 2311 1216 2362 Hactenus
1234 2313 1267 2364 de
1286 2314 1343 2380 juve
1362 2316 1390 2367 in
1414 2331 1459 2380 re,
1481 2317 1600 2388 sequitur
1618 2322 1659 2389 jus
1671 2320 1703 2372 sd
1718 2339 1785 2384 rent,
1797 2323 1866 2394 qnod

1045 2394 1217 2465 potissimum
1236 2397 1360 2453 consistit
1377 2397 1406 2451 iu
1426 2401 1622 2466 contractibns;
1641 2405 1688 2474 qui
1706 2423 1798 2458 omnes
1814 2427 1870 2462 tuu-

1048 2489 1092 2532 tuo
1111 2479 1226 2552 partium
1244 2499 1376 2536 consensu
1396 2485 1531 2537 ineuntur.
1549 2487 1629 2540 Unde
1647 2488 1737 2543 stetim
1756 2489 1785 2542 in
1799 2501 1871 2546 ante·

1046 2580 1147 2615 cessum
1168 2573 1303 2630 notsmns,
1327 2578 1349 2620 t.
1368 2569 1543 2639 praesentiam
1562 2571 1779 2626 contrabentium
1805 2575 1871 2630 adeo

1047 2649 1221 2700 neeessariam
1241 2667 1294 2703 non
1307 2667 1374 2713 esse,
1393 2669 1450 2704 curn
1466 2671 1498 2706 ex
1512 2655 1732 2710 antecedentibus
1746 2661 1799 2727 jam
1810 2677 1874 2710 con·

1046 2743 1116 2784 stare
1135 2732 1219 2802 possit
1238 2736 1334 2804 regula.
1357 2737 1458 2788 Omnia
1475 2737 1524 2793 itta
1548 2741 1672 2809 negetrix,
1687 2759 1757 2812 qtstte
1770 2747 1872 2798 nudum

1044 2834 1226 2886 personarum
1244 2837 1409 2874 consensum
1430 2823 1591 2894 requirnnt,
1609 2841 1688 2893 posse
1706 2837 1732 2880 et
1742 2827 1815 2880 iuter
1825 2829 1873 2880 nb·

1046 2915 1133 2955 sentes
1150 2905 1256 2978 peregi.
1275 2906 1351 2974 Quod
1372 2907 1492 2976 procedit
1511 2923 1564 2958 uon
1583 2917 1686 2961 tantum
1711 2911 1739 2964 itt
1766 2923 1871 2964 contra-

1048 2989 1150 3052 ctibus,
1171 2992 1218 3044 sed
1239 2991 1301 3044 aliis
1320 2991 1417 3044 itidem
1438 2991 1518 3046 rebus
1535 2993 1672 3058 omnibus,
1691 2995 1786 3064 pactis,
1805 2993 1872 3048 deli-

1048 3077 1115 3138 ctis,
1136 3075 1354 3139 haereditatibus,
1376 3075 1551 3140 testamentis,
1571 3077 1675 3146 legatis,
1691 3078 1868 3150 sponsalibus,

1048 3157 1217 3226 judicialibus
1235 3169 1261 3210 et
1280 3159 1424 3212 similibus.
1447 3159 1478 3211 ln
1506 3158 1595 3230 specie
1620 3170 1708 3212 antem
1727 3159 1778 3214 boc
1798 3157 1873 3214 11111-

1048 3243 1175 3292 mendum
1190 3251 1230 3296 est
1243 3239 1276 3292 de
1292 3241 1475 3295 contractibus
1487 3243 1712 3310 consensualitas,
1720 3247 1768 3313 qui
1777 3262 1872 3298 omttes

1047 3326 1127 3377 etiam
1146 3324 1218 3378 inter
1237 3326 1359 3378 absentes
1378 3322 1439 3378 beri
1459 3337 1585 3398 possunt,
1606 3327 1641 3379 dn
1671 3327 1759 3384 Praes.
1779 3331 1818 3384 sd
1828 3331 1869 3381 ia·

1046 3408 1099 3460 stit.
1117 3406 1151 3459 de
1169 3409 1224 3461 ott.
1243 3426 1280 3460 es·
1297 3427 1372 3461 cons.
1394 3407 1543 3476 Caeterum,
1561 3407 1631 3480 quod
1657 3411 1704 3464 bic
1726 3413 1871 3468 observan-

1047 3490 1112 3542 dum
1131 3503 1172 3545 est
1192 3504 1214 3545 1.
1232 3493 1308 3545 Utile
1326 3504 1384 3561 est,
1402 3496 1426 3547 si
1445 3495 1571 3549 omnibns
1589 3496 1768 3552 contractibus
1794 3499 1873 3551 adbi-

1047 3575 1156 3629 beamus
1175 3579 1361 3630 nonnullorum
1369 3616 1378 3642 ,
1398 3579 1430 3630 ad
1451 3579 1594 3632 minimum
1616 3591 1640 3630 1.
1667 3592 1713 3634 aut
1740 3595 1763 3636 1.
1786 3582 1874 3634 botni-

1048 3677 1111 3712 num
1124 3661 1313 3730 praesentiam,
1328 3680 1360 3714 ne
1373 3664 1500 3718 alterutra
1512 3661 1725 3716 contrabentium
1741 3683 1800 3738 pers
1816 3676 1871 3720 tra·

1048 3741 1159 3796 ctatibus
1176 3745 1240 3812 quid
1261 3746 1301 3798 111
1320 3745 1416 3799 addere
1435 3747 1476 3799 rel
1500 3745 1625 3812 demere,
1645 3745 1700 3799 imo
1730 3748 1758 3798 it
1790 3761 1870 3802 totum

1049 3835 1136 3880 actum
1156 3844 1249 3900 negare
1266 3831 1363 3883 valeat.
1382 3829 1513 3900 Quoniam
1532 3831 1605 3884 enim
1627 3829 1745 3883 universi
1771 3843 1874 3894 contra·

1048 3925 1103 3966 ctus
1122 3913 1148 3965 iu
1170 3912 1239 3966 lactu
1258 3914 1427 3978 consistunt,
1448 3933 1501 3968 non
1520 3926 1743 3986 praesumuntur,
1757 3915 1872 3986 adeoque

1049 3996 1202 4067 probatione
1220 3997 1338 4052 maxime
1354 4015 1423 4068 opus
1441 3998 1555 4061 babent,
1574 4017 1622 4070 per
1640 3999 1742 4052 trudito
1766 4017 1824 4065 cop.
1848 4012 1869 4050 t.

1049 4079 1083 4132 Et
1101 4081 1221 4150 quamvis
1239 4081 1320 4134 bodie
1338 4084 1455 4136 solemne
1472 4083 1524 4146 sit,
1544 4100 1624 4154 super
1638 4093 1759 4136 tractatus
1770 4083 1873 4154 erigere

1048 4165 1235 4231 iustrumenta,
1252 4167 1327 4220 atilis
1347 4176 1434 4220 tameo
1454 4167 1508 4220 erit
1530 4167 1638 4219 testium
1664 4167 1813 4236 praesentia
1838 4165 1872 4220 ad

1049 4248 1106 4312 boc,
1128 4259 1154 4302 ut
1174 4247 1231 4320 ipsa
1249 4249 1424 4304 instrumenta
1443 4249 1502 4303 sine
1527 4249 1597 4302 risis
1623 4247 1741 4318 legitime
1767 4249 1874 4322 possint

176 4353 215 4404 pr.
236 4339 259 4389 1.
280 4329 608 4402 detesttcop.l.se.de
628 4347 748 4402 praescr.
769 4332 843 4400 long.
865 4340 997 4402 temper
1048 4327 1153 4383 confici.
1173 4331 1292 4384 Tandem
1312 4332 1356 4384 bic
1377 4333 1432 4386 stin
1451 4333 1507 4386 loco
1533 4333 1761 4404 praemittendum
1786 4337 1870 4389 venit.
1908 4345 1938 4384 11

177 4436 230 4486 quo
250 4428 331 4488 patet,
352 4417 417 4490 qnid
436 4416 605 4470 sentiendum
627 4417 664 4468 sit
682 4415 996 4486 devolgatajnrisqoae·
1047 4415 1219 4483 depuleriter
1236 4417 1372 4468 nemiuem
1391 4431 1429 4467 ess
1445 4426 1588 4468 eontracta
1607 4415 1656 4471 vei
1671 4419 1763 4488 quo-ti,
1788 4433 1871 4488 possa

181 4509 282 4567 stione,
301 4502 324 4553 si
343 4501 404 4574 quis
424 4499 518 4571 partim
538 4498 632 4552 absens
651 4497 749 4570 partim
761 4515 884 4568 praeseus
898 4495 997 4552 iueriti
1046 4498 1204 4561 conveniri,
1223 4499 1279 4552 nisi
1287 4499 1469 4570 personaliter
1480 4497 1565 4552 simui
1575 4501 1605 4548 in
1616 4497 1775 4568 messuerit
1786 4517 1868 4568 pree-

182 4583 364 4639 Communiter
382 4584 489 4654 qnidam
511 4599 543 4634 es
561 4600 627 4636 nov.
649 4593 706 4635 111.
718 4601 741 4636 1.
755 4597 780 4638 1.
794 4591 821 4634 11
836 4583 911 4636 eutlt.
925 4581 1001 4656 qnod
1045 4595 1110 4634 sens
1127 4581 1204 4648 sdeo,
1224 4591 1254 4634 nt
1272 4583 1295 4635 11
1314 4581 1398 4643 absit,
1417 4599 1452 4635 ne
1470 4581 1579 4652 quidem
1599 4596 1648 4652 per
1668 4580 1817 4636 subsidium
1830 4583 1871 4636 ei·

179 4667 206 4718 si
220 4669 287 4738 quis.
306 4685 328 4720 c.
346 4667 372 4718 lt.
390 4678 408 4718 t.
428 4662 581 4736 responderi
602 4665 684 4729 solet,
705 4663 868 4733 adjiciendos
887 4679 944 4717 esse
957 4672 997 4717 tot
1047 4673 1116 4718 tatus
1134 4679 1287 4736 competere
1308 4674 1427 4717 teneatue
1437 4703 1448 4730 ,
1466 4683 1490 4718 c.
1510 4683 1642 4720 remorto.
1667 4670 1689 4716 1.
1713 4671 1736 4728 ς.
1755 4676 1870 4722 contru-

181 4768 263 4803 annos
282 4739 434 4814 decemuio',
454 4759 515 4818 quot
532 4763 564 4802 ex
578 4747 713 4800 decemuic
724 4747 785 4814 quis
798 4745 878 4800 luerit
891 4746 995 4808 sbsens,
1047 4749 1147 4802 dentes.
1166 4747 1278 4818 desiero
1298 4767 1388 4817 comp.
1407 4750 1437 4802 iu
1460 4768 1483 4808 e.
1500 4749 1585 4803 tttcot.
1605 4749 1702 4819 Mylas.
1718 4751 1752 4803 ab
1772 4749 1875 4806 Ebeeu·

181 4854 206 4886 e.
225 4851 248 4886 c.
268 4834 290 4885 si
310 4834 390 4886 initio
408 4833 492 4887 octeni
510 4833 572 4886 anni
591 4831 651 4900 qnis
664 4831 754 4882 abesse
766 4829 934 4900 coeperim·
948 4849 996 4884 an·
1046 4832 1123 4886 bacb.
1141 4833 1174 4886 de
1190 4833 1309 4903 princip.
1328 4843 1354 4885 et
1370 4833 1484 4886 statibus
1502 4835 1599 4904 t'mper.
1625 4852 1694 4888 rom.
1722 4835 1785 4889 Ger.
1802 4855 1827 4904 p.
1851 4847 1873 4889 t.

180 4917 225 4969 uis
243 4915 375 4970 absentiae
393 4917 475 4969 adbuc
493 4933 559 4985 opus
579 4914 665 4967 habet·
684 4913 764 4966 Cusus
782 4915 827 4966 alii
842 4914 876 4967 ob
891 4914 998 4968 diverse
1045 4933 1068 4968 c.
1089 4929 1130 4969 11.
1150 4913 1173 4988 ᾗ.
1194 4927 1218 4968 1.
1236 4917 1309 4969 Gail.
1329 4917 1347 4970 l·
1362 4929 1387 4970 t.
1408 4917 1466 4972 obs.
1489 4929 1511 4969 l.
1532 4938 1558 4971 n.
1580 4929 1603 4972 l.
1622 4930 1649 4974 11
1661 4923 1718 4974 ods.
1733 4933 1774 4974 11.
1787 4939 1814 4972 rr.
1833 4930 1874 4973 tt.

182 4999 349 5072 praesentiae
367 5009 393 5051 et
414 4998 550 5051 absentiae
583 5007 700 5068 tempora
731 4997 827 5051 dubiae
853 4997 998 5054 decisionis
1048 4999 1143 5052 Heius.
1164 4999 1260 5054 Boves.
1278 5002 1379 5070 singnl.
1401 5015 1425 5054 1.
1446 5002 1627 5074 cerbsornm
1652 5016 1679 5058 11
1696 5005 1783 5076 indic.
1801 5025 1829 5057 n.
1851 5017 1873 5058 t.

181 5083 295 5154 proponi
316 5091 430 5152 possent,
450 5081 495 5134 sed
515 5081 617 5152 integra
629 5099 670 5136 res
683 5081 730 5132 bec
743 5084 847 5136 ratione
860 5085 998 5154 perspicue
1047 5083 1192 5136 Brunnem.
1207 5085 1245 5138 nd
1255 5085 1273 5135 l.
1288 5085 1392 5140 laceres.
1411 5099 1450 5138 11.
1464 5085 1589 5156 dejudie.
1603 5108 1629 5141 n·
1649 5101 1688 5140 tt.
1703 5091 1816 5160 zanger.
1835 5089 1870 5143 ds

182 5165 366 5236 componitur,
386 5164 407 5215 si
429 5163 561 5216 dicamus:
588 5155 672 5218 uncam
699 5182 801 5217 annum
826 5167 1000 5232 praesentiae
1048 5169 1871 5244 111111111111.111.1111111111111111111111111111

181 5267 286 5320 semper
293 5249 395 5320 serem
417 5260 439 5300 1.
459 5264 551 5301 eniens
570 5247 723 5310 absentiae,
743 5257 769 5300 et
787 5257 878 5300 eontra
900 5261 924 5300 1.
951 5250 999 5305 nd·
1050 5253 1173 5316 accusari,
1192 5251 1279 5304 miuus
1293 5251 1379 5306 adhuc
1393 5253 1513 5308 damnari
1528 5255 1627 5324 poterit
1637 5255 1741 5321 absens,
1754 5255 1872 5310 Barbosa

183 5335 301 5400 sentiae,
320 5351 403 5388 unum
424 5351 528 5386 anuum
545 5329 727 5402 praesentiae.
748 5331 913 5401 Quicumque
938 5350 1001 5403 ergo
1052 5353 1080 5389 ts·
1097 5347 1137 5391 11.
1154 5347 1195 5388 rt.
1214 5337 1247 5390 de
1267 5337 1339 5406 soro
1369 5350 1480 5406 compet.
1499 5339 1534 5394 Et
1552 5339 1614 5393 lsaec
1634 5343 1762 5396 sententia
1780 5351 1821 5396 est
1838 5359 1872 5396 ex

190 5429 230 5470 tt.
248 5419 326 5471 annis
345 5420 445 5471 absens
458 5415 554 5478 luerit,
574 5417 663 5468 eodem
678 5419 735 5484 jure
749 5417 785 5468 nti
801 5421 909 5486 poturit,
923 5435 1002 5488 qnam
1051 5417 1228 5490 dispositione
1244 5420 1312 5488 juris
1331 5423 1463 5488 canonici,
1482 5425 1550 5496 quod
1569 5427 1630 5496 quia
1650 5427 1679 5478 in
1699 5427 1776 5497 pessi
1789 5427 1877 5498 sequi.

187 5504 234 5572 qni
256 5517 278 5556 1.
297 5506 373 5558 annis
394 5521 516 5576 praesens
536 5501 598 5566 luit,
620 5505 642 5554 is
662 5515 762 5570 sutem,
780 5502 826 5572 qui
846 5521 893 5574 per
917 5504 1002 5572 sesqui
1054 5505 1872 5578 1111,111111)ιι1110111111111111111111111111111,1111.8111111

186 5603 282 5638 aunum
303 5587 405 5654 adluit,
425 5587 558 5642 habendus
577 5599 630 5654 est,
649 5605 678 5640 ac
697 5587 718 5638 si
746 5589 831 5640 tribus
858 5589 935 5642 anuis
959 5593 1003 5646 ab·
1057 5592 1315 5674 111111111111.
