4442 6308
404 255 455 329 395
966 254 1156 316 ntsttutttt.
1176 261 1223 316 tx.
1241 255 1358 318 catut
1377 261 1426 318 ttt.

349 356 396 426 qui
417 363 519 428 patrem
537 353 663 408 omnibus
681 355 819 412 effectibus
837 361 961 416 civilibus
980 351 1079 432 patriae
1097 367 1168 426 pote·
1217 354 1295 410 liber.
1307 357 1429 427 privileg.
1444 369 1500 411 t.e.
1517 369 1539 410 t.
1554 374 1583 410 n.
1599 367 1622 408 t.
1636 371 1708 428 sepo.
1720 349 1802 424 Quod
1818 353 1846 406 si·
1860 362 1943 407 autem
1961 349 2034 406 fliius
2072 353 2108 400 ιθ

348 439 421 494 atatis
439 440 562 510 priraut;
582 437 613 490 iu
631 442 774 509 posteriori
795 461 856 499 sero
872 465 933 513 eos,
949 445 999 518 qni
1016 443 1094 498 unico
1112 453 1167 494 tau·
1216 440 1367 494 committat
1385 441 1528 502 delictum,
1541 439 1611 509 quod
1625 444 1751 510 majorem
1772 437 1903 491 moderata
1921 439 2034 508 castiga·

347 532 401 577 tum
413 559 421 588 ,
433 524 539 577 colloco.
559 523 592 576 In
610 521 696 594 priori
714 527 833 596 primum
852 529 941 584 locum
960 528 1049 584 tribuo
1067 525 1167 579 nimiae
1218 523 1317 578 tionem
1336 525 1437 598 erigat,
1451 523 1576 578 exbiberi
1594 543 1609 578 a
1630 533 1706 594 patre
1723 523 1807 592 judici
1825 522 1917 586 debet,
1930 521 1976 592 qui
1996 531 2035 575 ta·

296 621 312 664 a
350 616 377 661 et
396 623 487 662 sacrae
502 606 651 660 liberorum
669 609 847 679 castigationi.
866 615 932 668 inre
948 608 1167 680 antiquolioma·
1218 623 1278 660 meu
1298 607 1446 677 mitigando
1463 622 1575 677 poenam
1594 605 1703 658 inillnd
1723 605 1849 658 delictum
1867 605 1932 658 allas
1950 613 2036 658 statu-

348 707 462 756 ttoruna‚
476 690 618 761 dequibus
636 695 783 762 imperetur
800 693 829 747 in
841 692 864 766 5.
877 695 935 768 ej.
948 695 981 750 de
989 703 1063 762 potr.
1071 701 1165 762 potest.
1218 699 1288 754 tam,
1301 707 1335 742 ne
1349 701 1424 760 pater
1436 690 1469 744 ad
1482 689 1644 760 supplicium
1655 689 1784 742 obtulisse
1795 689 1917 743 rideatur
1930 683 2035 750 lilium,

350 774 496 846 gloriatur,
510 775 580 845 qnod
599 775 668 828 nulli
686 775 734 827 alii
753 776 809 833 sint
826 777 967 844 homines,
979 779 1025 848 qui
1046 778 1124 831 talem
1139 775 1167 828 in
1215 785 1315 844 patrem
1335 775 1468 842 monebit,
1486 773 1687 843 castigationem
1701 785 1853 844 paternam,
1865 773 2035 827 severitatem

356 857 455 910 liberos
471 857 587 920 babeant
604 868 776 930 potestatem,
795 864 900 932 qualem
920 863 976 928 illi,
993 865 1034 933 jus
1053 859 1123 916 ritae
1140 870 1168 914 et
1217 875 1270 912 nou
1289 859 1456 913 atrocitatem
1478 869 1537 930 post
1555 875 1585 912 se
1602 857 1710 911 trabere
1728 857 1839 920 debere,
1850 856 1906 912 sid.
1923 855 1942 907 i.
1961 857 2034 910 unis·

352 941 427 994 necis
444 957 526 1011 aeque
544 941 701 1011 parentibus
714 943 742 996 iu
755 944 868 1012 liberos,
882 965 911 1001 ac
928 945 1047 1000 dominis
1065 945 1094 998 in
1113 961 1167 998 ser·
1215 958 1239 995 c.
1251 941 1285 996 de
1297 942 1406 996 emend.
1417 943 1563 1015 propinqus.
1580 953 1607 994 et
1623 942 1643 993 t.
1665 951 1706 994 ts.
1724 948 1745 1002 ς.
1768 953 1790 993 ι.
1801 937 1843 1010 ff.
1861 939 1896 994 cie
1911 954 1942 992 re
1954 939 2035 994 milit.

351 1039 400 1076 ros
420 1023 573 1094 competiit,
591 1043 607 1076 a
631 1027 728 1096 quibus
746 1028 827 1082 liberi
847 1040 910 1085 tnnc
934 1029 1043 1084 nonnisi
1061 1030 1115 1083 sols
1133 1027 1168 1081 tt·
1216 1025 1409 1080 coni.b1euocb
1433 1026 1529 1080 arbitr.
1534 1026 1622 1099 judic.
1634 1033 1739 1095 quaest.
1746 1041 1801 1076 cos.
1814 1032 1874 1075 stt.
1886 1021 1959 1074 Paul.
1971 1019 2037 1091 lay-

353 1104 454 1158 bertste
471 1103 641 1159 differebant.
658 1106 712 1161 rid.
729 1107 848 1165 Enenck.
865 1114 892 1167 d.
910 1113 929 1166 i.
945 1112 1035 1185 privii.
1056 1123 1080 1166 t.
1097 1129 1120 1165 c.
1143 1120 1166 1164 ι.
1216 1127 1306 1162 ιιιιιιιι.
1320 1109 1351 1162 ira
1363 1110 1477 1177 tiseoing.
1497 1110 1597 1162 morai.
1615 1108 1631 1159 t
1655 1121 1679 1160 s.
1696 1117 1731 1158 tr.
1753 1117 1794 1161 to.
1804 1125 1833 1179 p.
1851 1118 1876 1160 ι.
1888 1122 1912 1158 c·
1928 1117 1952 1158 ι.
1966 1123 1993 1158 rs.
2009 1117 2035 1160 o.

299 1187 312 1230 7
353 1207 382 1241 ιι.
402 1200 444 1244 ιι.
465 1190 570 1243 Durum
587 1200 616 1243 et
632 1189 661 1242 id
679 1191 766 1247 rideri
785 1206 899 1266 poterat,
917 1206 998 1267 etque
1018 1205 1112 1250 eontra
1129 1194 1167 1249 ai·
1216 1193 1271 1247 set
1288 1203 1387 1264 quanta
1406 1201 1548 1263 parentum
1567 1191 1674 1246 aseritis
1699 1189 1810 1244 abusum
1837 1189 1904 1258 juris
1920 1187 2034 1260 quaesiti

351 1271 451 1327 lectum
477 1283 630 1345 paternum,
649 1293 728 1346 qtsem
756 1282 843 1334 nullus
864 1299 939 1335 amor
957 1281 1057 1346 vineit,
1076 1297 1168 1336 secun·
1216 1279 1376 1342 constituat,
1395 1274 1510 1332 delinire
1535 1274 1570 1329 ob
1595 1275 1856 1329 circumstantiarum
1877 1273 2036 1328 serietatem

352 1357 446 1410 alumi.
461 1361 520 1425 s.§
536 1357 693 1429 effectori
703 1363 1168 1439 met.euus.1.u1t.pr.estecestat.
1217 1358 1349 1425 difficiles
1367 1361 1483 1416 arbitrio
1509 1363 1592 1430 igitur
1608 1359 1708 1430 judicia
1732 1360 1941 1430 relinquendum
1963 1359 2035 1426 erit,

298 1435 312 1476 ⁸
340 1438 479 1511 furamur.
493 1443 675 1497 introductum
693 1465 708 1498 a
728 1447 858 1514 llomulo,
877 1450 923 1504 sed
942 1461 971 1504 et
986 1449 1032 1503 tato
1050 1449 1168 1502 necessi·
1217 1444 1403 1499 aidoranno
1422 1446 1547 1500 Menoeb.
1566 1445 1803 1499 dicuntsine.
1823 1455 1947 1515 te.aeqp.

351 1537 431 1579 tatem
451 1527 581 1580 nascentia
597 1537 623 1580 et
644 1531 778 1597 surgentis
798 1531 1007 1603 reipublicae-da
1017 1532 1096 1586 bellis
1106 1549 1169 1586 oon·
1253 1526 1293 1580 td
1311 1530 1427 1601 primam
1446 1530 1556 1583 classem
1575 1530 1656 1584 etiarn
1670 1527 1774 1594 celem
1786 1527 1827 1598 (ι)
1839 1527 1861 1580 si
1882 1536 1957 1599 pater
1975 1527 2039 1580 leno

349 1603 479 1662 finiendis
502 1609 604 1678 magis,
625 1628 707 1680 quam
731 1612 830 1682 judicis
855 1616 1010 1671 exercendis
1040 1615 1169 1669 sollicitae
1216 1609 1303 1666 filiam
1323 1617 1482 1684 prostituere
1499 1615 1568 1668 velit.
1589 1615 1668 1667 Pater
1686 1614 1765 1668 talem
1783 1611 1927 1682 sbntijure
1945 1628 1992 1666 auo
2009 1628 2028 1663 o

351 1691 510 1763 permisisse
528 1693 674 1747 dicendum
694 1705 750 1760 est,
769 1709 799 1750 ut
817 1697 912 1755 domus
929 1703 1054 1770 cujusque
1072 1699 1168 1771 pusilla
1218 1695 1277 1748 mni
1295 1706 1368 1750 earet
1386 1696 1484 1762 dubio,
1504 1697 1550 1768 qui
1575 1693 1678 1760 filiam,
1701 1711 1780 1765 quam
1805 1693 1885 1747 bonis
1907 1691 2037 1756 debebat,

350 1787 420 1828 esset
444 1777 611 1846 respublica,
632 1780 725 1832 Senee.
747 1782 820 1850 epist.
841 1794 884 1837 ts.
908 1781 945 1838 Ea
970 1793 1058 1838 tamen
1079 1784 1169 1855 procul
1218 1780 1297 1833 melis
1315 1781 1435 1836 moribus
1455 1793 1545 1836 contra
1563 1779 1687 1835 officium
1705 1795 1780 1832 suurn
1805 1778 1916 1843 imbuit,
1934 1777 2039 1849 purlici-

353 1859 441 1912 dubio
454 1862 502 1913 sub
520 1861 674 1917 conditione
688 1867 730 1932 jus
743 1865 808 1918 illaad
823 1867 981 1937 parentibus
999 1886 1168 1936 concessum,
1189 1889 1190 1894 ¹
1221 1865 1310 1934 tiaque
1327 1875 1407 1936 atque
1425 1866 1563 1931 casti-tute,
1581 1883 1650 1938 quae
1666 1864 1770 1936 optima
1786 1865 1852 1916 alias
1877 1864 1924 1916 dos
1945 1862 2038 1916 foemi-

352 1952 383 1998 ut
400 1945 423 1998 si
441 1955 531 1999 contra
551 1945 711 2034 reipuplicae
737 1950 881 2004 utilitatem
907 1951 955 2004 illo
980 1952 1168 2019 abuterentur,
1220 1951 1615 2021 naerensetur,petrat.-to‹te
1631 1961 1658 2002 et
1677 1952 1746 2018 juste
1765 1949 1854 2019 patris
1871 1957 2002 2018 potestate
2012 1957 2040 2001 et

356 2029 540 2100 privarentur3
560 2031 715 2102 abrogatum
732 2034 842 2104 quidem
861 2033 911 2088 boc
930 2037 972 2104 jus
990 2051 1048 2088 cum
1067 2036 1170 2106 legibus
1219 2029 1375 2098 usufructu,
1393 2051 1472 2104 quem
1492 2035 1521 2087 in
1541 2033 1618 2087 bonis
1637 2033 1782 2087 liberorum
1808 2031 1932 2096 babebat,
1953 2031 2040 2102 prive-

352 2113 434 2184 regiis
455 2124 516 2186 post
540 2127 645 2170 exactos
668 2134 759 2186 reges;
787 2119 867 2172 tacita
885 2129 973 2172 tamen
999 2119 1168 2176 consuetudi·
1220 2125 1264 2170 tur
1282 2135 1332 2188 per
1349 2119 1369 2170 i.
1387 2129 1463 2174 tt.c.
1477 2121 1509 2174 de
1521 2124 1597 2192 episc.
1612 2119 1678 2176 oud.
1687 2131 1715 2174 et
1733 2119 1750 2170 i.
1771 2133 1831 2174 ee.
1843 2121 2004 2188 despectae.
2020 2119 2038 2171 i.

352 2217 387 2252 ne
406 2211 497 2269 postea
516 2211 650 2271 receptum
669 2217 700 2255 sc
719 2203 825 2257 tandem
846 2203 875 2257 in
899 2204 1008 2258 ll.x11.
1028 2204 1112 2258 Tabb.
1131 2221 1170 2260 re.
1223 2210 1263 2254 tt.
1282 2201 1431 2274 Excipiunt
1449 2205 1558 2274 quidem
1578 2207 1700 2259 nonnulli
1719 2213 1823 2276 patrem
1841 2203 1876 2257 ob
1894 2213 2040 2256 extremam

351 2285 435 2336 latum
454 2301 511 2338 esse
529 2287 627 2340 asserit
644 2285 769 2340 Prautzk
787 2285 868 2358 udff.
880 2289 913 2342 de
924 2287 979 2352 tta,
997 2287 1046 2358 qui
1062 2291 1107 2342 sui
1122 2288 1172 2344 vel
1220 2282 1300 2339 lamis
1317 2287 1502 2342 necessitatem
1521 2286 1605 2342 liliam
1626 2289 1849 2361 prostituentem,
1868 2286 1982 2342 deducto
1999 2307 2041 2342 ar·

352 2373 434 2426 cisen.
445 2371 507 2445 jur.
525 2389 553 2426 n.
577 2381 617 2425 tt.
637 2373 729 2426 Posteu
747 2392 809 2430 sero
828 2393 877 2446 per
903 2374 1034 2445 rescripta
1054 2373 1169 2445 impera·
1219 2379 1345 2436 eumenio
1364 2389 1377 2422 ¹
1397 2369 1483 2436 fufio·
1503 2371 1572 2442 quod
1591 2391 1622 2426 ²0
1641 2373 1745 2428 iicifflm
1765 2373 1814 2438 iiis
1832 2387 1879 2426 ¹¹²⁰
1897 2387 1950 2426 ¹¹0⁰
1969 2371 2041 2444 (10ῠᾶ

351 2466 454 2520 torum,
472 2455 518 2524 qui
537 2453 650 2525 patriam
669 2465 826 2527 potestatem
846 2459 940 2513 nouin
955 2458 1108 2519 atrocitate,
1123 2457 1169 2509 sed
1218 2467 1320 2507 summa
1340 2456 1484 2509 necessitas
1504 2457 1623 2512 rideatur
1642 2457 1709 2510 mihi
1723 2459 1764 2526 jus
1777 2459 1806 2509 in
1818 2474 1848 2511 re
1860 2455 1969 2510 ulterius
1988 2457 2038 2509 tri-

351 2541 452 2610 pietate
470 2539 616 2592 consistere
630 2539 741 2607 debere,
755 2541 802 2611 pie
813 2554 989 2608 censuerunt,
1003 2559 1019 2596 e
1032 2540 1167 2614 republica
1220 2536 1318 2604 buere,
1339 2541 1425 2611 iisque
1444 2559 1581 2596 assensum
1600 2543 1726 2614 praebere
1737 2541 1840 2600 ridetur
1853 2542 1976 2613 Philipp.
1995 2542 2041 2594 Pa·

353 2639 478 2685 romana,
498 2621 551 2675 rid.
571 2623 590 2675 1.
610 2619 851 2698 t.ffidei.pomp.
863 2624 1008 2696 depnrrs'c.
1027 2636 1054 2678 et
1064 2626 1083 2677 i.
1099 2619 1169 2692 ²·ff·
1218 2626 1283 2680 sesi.
1301 2625 1335 2680 ds
1352 2625 1429 2680 ritib.
1445 2639 1518 2698 potr.
1534 2639 1631 2699 potest.
1647 2647 1674 2696 p.
1695 2639 1717 2680 ι.
1736 2645 1759 2681 o.
1782 2637 1823 2682 to·
1842 2646 1870 2678 rr.
1890 2637 1916 2678 t.
1933 2635 1960 2678 et
1979 2628 2038 2679 ble-

356 2704 395 2760 ud
404 2708 423 2758 i.
435 2724 513 2760 eom.
530 2705 563 2760 de
581 2707 663 2762 sicar.
684 2725 732 2780 per
750 2728 836 2764 mores
855 2728 916 2766 sero
934 2720 1039 2764 nostros
1057 2725 1072 2762 e
1092 2725 1168 2778 repu·
1219 2710 1301 2764 uocb.
1322 2711 1415 2766 arbitr.
1426 2713 1488 2786 jud.
1508 2723 1613 2783 quaest.
1632 2728 1687 2765 cns.
1706 2722 1767 2764 stt.
1785 2729 1813 2764 n.
1834 2720 1873 2762 tt.
1890 2729 1963 2781 seqq.
1983 2713 2037 2764 Ve-

351 2791 421 2844 bliea
440 2791 586 2843 christinus
606 2791 727 2848 uniuersa
747 2794 888 2846 sublatum.
898 2794 960 2848 Non
974 2803 1062 2845 umen
1082 2791 1169 2846 subla·
1218 2811 1278 2848 rum
1299 2794 1412 2850 minime
1430 2795 1619 2866 ignoscendum
1637 2797 1748 2861 esseei,
1766 2812 1834 2866 qrrae
1850 2795 1962 2850 obtentu
1976 2812 2039 2865 pau·

351 2889 378 2933 ts
396 2877 477 2932 simul
494 2895 554 2931 cum
567 2877 695 2931 coomnis
713 2876 823 2934 iseultaa
835 2875 981 2945 castigandi
996 2875 1110 2939 liberos,
1124 2875 1169 2929 sed
1220 2880 1332 2950 portatis
1352 2880 1536 2952 turpissimam
1555 2882 1637 2936 ritant
1658 2881 1753 2951 elegit,
1772 2879 1862 2948 inquit
1880 2881 1953 2934 tetus
1972 2879 2000 2934 in
2020 2879 2038 2930 1.

351 2963 485 3018 moderata
502 2959 574 3034 patri
590 2960 676 3014 adhoc
693 2961 801 3026 relicta,
815 2969 843 3014 et
861 2961 936 3026 talis,
948 2977 1013 3031 quae
1032 2958 1065 3014 ad
1084 2978 1171 3013 emen·
1221 2973 1263 3014 ts.
1283 2971 1307 3026 ι.
1325 2977 1350 3018 s.
1358 2965 1401 3034 ff.
1420 2965 1455 3019 de
1472 2984 1497 3018 r.
1515 2985 1543 3019 n.
1562 2965 1755 3033 Argumentum
1775 2971 1861 3017 antem
1882 2982 1896 3015 ι
1916 2961 1988 3015 iusto
2008 2962 2039 3015 in

350 3045 500 3110 dationem,
518 3062 572 3098 nou
597 3044 632 3098 sd
655 3044 800 3099 uindictam
826 3043 963 3109 tenderet,
987 3060 1075 3109 meus,
1094 3053 1122 3097 et
1145 3045 1168 3098 si
1220 3063 1322 3102 summa
1340 3051 1498 3106 necessitate
1516 3049 1659 3106 commisso
1679 3050 1801 3102 huonon
1822 3046 1900 3100 lacit:
1919 3063 1978 3098 cum
1998 3045 2038 3110 is,

350 3129 397 3184 illa
415 3131 500 3184 nimia
518 3127 614 3195 inerit,
633 3141 742 3202 propter
760 3130 869 3183 abosum
889 3131 960 3183 hune
976 3131 1035 3198 jure
1053 3147 1099 3183 suo
1117 3131 1169 3201 pri·
1217 3131 1265 3200 qui
1282 3150 1326 3186 res
1344 3135 1451 3190 alterius
1469 3135 1578 3190 abstulit
1594 3135 1707 3187 sommia
1726 3131 1859 3202 angustiis
1877 3129 1910 3183 ad
1929 3129 1957 3181 itl
1976 3129 2041 3183 ada-

350 3217 457 3273 sabitur
473 3225 557 3286 pater.
582 3213 787 3284 Castigationem
811 3231 871 3267 sero
896 3213 967 3268 banc
987 3225 1119 3284 paternam
1140 3213 1167 3265 in
1217 3224 1290 3280 ctus,
1309 3234 1362 3270 non
1386 3226 1571 3288 praesumatur
1596 3218 1624 3270 id
1651 3216 1747 3272 iecisse
1773 3213 1877 3270 iurandi
1886 3253 1896 3280 ,
1915 3214 1960 3268 sed
1980 3230 2037 3267 mu·

351 3301 481 3357 verbalem
500 3309 530 3354 et
546 3301 643 3354 realem
661 3299 835 3370 distinguunt.
846 3301 887 3353 0b
907 3301 978 3354 illum
988 3337 995 3364 ,
1007 3299 1071 3354 licet
1084 3299 1168 3354 nimia
1219 3299 1310 3376 tuandi
1330 3308 1358 3354 ct
1374 3313 1492 3355 cessante
1510 3302 1669 3356 nenessitate
1680 3299 1843 3356 restituendi
1853 3300 1960 3354 auimo:
1975 3298 2040 3352 inde

1931 255 1982 328 396

353 3397 380 3440 et
398 3385 564 3440 atrocissima
579 3385 617 3438 ait
633 3395 736 3455 patrem
756 3383 903 3457 possedisti
922 3384 994 3438 abuti
1011 3391 1069 3454 jure
1081 3402 1126 3438 suo
1139 3404 1169 3440 eu

351 3469 460 3533 effectu,
479 3478 508 3521 ut
526 3469 575 3521 illu
594 3469 694 3538 prirari
712 3469 810 3540 possit,
825 3469 935 3523 omniuo
955 3487 1028 3538 nego.
1042 3471 1169 3540 Quamris

351 3555 425 3607 enim
447 3551 564 3623 Philipp.
584 3552 680 3606 Pascal.
697 3550 731 3604 de
749 3553 799 3606 vir.
814 3563 888 3625 potr.
900 3563 999 3620 potest.
1016 3569 1045 3622 p.
1067 3563 1090 3604 t.
1104 3569 1127 3604 e.
1144 3561 1168 3606 t.

353 3655 381 3690 n.
397 3649 438 3690 to.
452 3637 516 3690 velit
526 3653 559 3688 ex
577 3633 700 3704 istmff.
710 3635 804 3707 siquis
817 3659 836 3692 u
847 3637 1034 3708 parenefoer.
1048 3654 1169 3692 monum.

353 3719 471 3784 inferre,
484 3737 562 3791 posse
578 3717 666 3773 titium
686 3722 830 3792 implorato
848 3721 945 3789 judicis
957 3718 1051 3775 oiiicio
1061 3733 1112 3775 tam
1127 3723 1170 3775 in·

352 3807 498 3862 humanum
519 3815 617 3875 putrem
635 3804 667 3858 at
686 3807 907 3876 emancipandum
925 3824 1025 3876 cogere.
1045 3807 1117 3859 llaec
1132 3817 1169 3858 ta-

1217 3383 1378 3438 cessantibus
1391 3385 1455 3440 iurti
1471 3385 1625 3457 requisitis,
1638 3386 1739 3441 ablatio
1751 3385 1852 3438 isthaec
1863 3381 1963 3438 furtum
1981 3383 2039 3435 dici

1218 3468 1496 3540 nequit.1.enocinii,
1515 3487 1575 3525 rero
1594 3471 1724 3540 requisita
1743 3467 1834 3522 erdem
1853 3467 1965 3531 adsunt,
1984 3467 2042 3520 aire

1218 3564 1293 3607 extra
1310 3571 1413 3619 casum,
1427 3555 1483 3610 sire
1501 3555 1530 3609 in
1548 3570 1608 3608 nasu
1626 3563 1761 3609 extremae
1773 3551 1949 3607 necessitatis.
1961 3549 2040 3628 doni.

1219 3637 1327 3692 Corarr.
1344 3640 1384 3692 nd
1393 3629 1419 3692 c.
1431 3649 1577 3710 peceatum.
1592 3658 1620 3710 p.
1637 3650 1661 3690 t.
1679 3635 1704 3710 5.
1725 3649 1748 3692 t.
1766 3656 1794 3690 ra.
1809 3649 1833 3689 ι.
1845 3635 1994 3690 Gutticres.
2005 3633 2040 3688 de

1218 3723 1338 3776 matrim.
1357 3741 1381 3776 c.
1403 3735 1460 3777 ιιι.
1478 3743 1504 3776 n.
1518 3735 1543 3775 ι.
1556 3723 1667 3793 Quando
1686 3731 1774 3776 autem
1795 3721 1936 3776 necessitas
1954 3722 1996 3788 jus
2008 3719 2037 3772 in

1219 3807 1298 3860 rebus
1317 3806 1428 3860 alterius
1447 3807 1564 3873 tribuat,
1584 3807 1649 3861 bene
1667 3807 1784 3877 explicat
1802 3807 1876 3860 Grot.
1896 3805 1929 3858 de
1942 3806 1965 3874 j.
1977 3804 2040 3858 eet

352 3911 414 3948 meu
434 3891 567 3944 sententia
586 3889 654 3942 mihi
673 3908 733 3944 cum
753 3892 900 3945 reverentia
919 3889 1074 3962 patentibus
1092 3891 1168 3944 debi-
1216 3911 1243 3963 p.
1262 3891 1281 3943 i.
1304 3903 1328 3942 ι.
1345 3909 1368 3943 e.
1389 3903 1429 3942 tt.
1448 3899 1469 3952 ς.
1486 3903 1507 3943 t.
1525 3892 1587 3946 tisim
1607 3891 1688 3946 dicit:
1706 3890 1824 3961 requiri,
1838 3891 1929 3958 stipsi
1945 3887 2035 3942 domi·

354 3987 384 4031 ta
398 3976 512 4033 omniuo
524 3992 656 4046 pugnare,
670 3977 725 4029 imo
739 3976 791 4040 iuri
802 3986 893 4029 nostro
911 3977 1043 4029 contraris
1058 3973 1170 4029 ridetur.

354 4062 429 4118 Licet
445 4061 518 4114 enim
538 4059 711 4114 acerbissima
725 4059 802 4114 rerba
814 4071 918 4114 eromut
931 4061 959 4112 in
974 4057 1061 4112 lilium
1080 4069 1170 4130 pater,

353 4165 408 4204 nou
428 4157 515 4202 tamen
536 4146 595 4214 jura·
606 4145 659 4214 ipsi
672 4156 763 4198 contra
778 4145 901 4198 eumdem
916 4144 1075 4212 iujuriarum
1096 4146 1180 4198 actio·

354 4249 416 4284 nrm
436 4227 602 4294 concedunt,
617 4227 669 4281 rid.
685 4231 706 4284 1.
717 4241 741 4282 ι.
754 4235 775 4292 §.
792 4225 858 4297 eff.
873 4231 905 4282 de
918 4228 1001 4301 injur.
1016 4240 1070 4282 tum
1080 4264 1088 4293 ,
1100 4231 1169 4297 quod

353 4317 411 4384 jure
430 4313 537 4384 quidem
558 4311 640 4366 reteri
659 4313 731 4370 inter
751 4324 855 4382 patrem
872 4323 899 4366 et
911 4309 999 4364 filium
1019 4329 1072 4363 non
1091 4309 1167 4362 ‹lare-

357 4407 401 4454 tur
417 4397 559 4467 juslicitrm.
572 4397 618 4466 qui
638 4415 687 4468 pro
705 4415 761 4448 uns·
777 4414 890 4466 persona
910 4395 1075 4448 habebantur
1094 4396 1169 4464 peri.

358 4493 399 4536 ts.
411 4476 444 4546 ff.
456 4477 573 4549 defieri.
589 4491 659 4544 ιιιιιι,
679 4481 741 4550 quis
761 4482 818 4547 jura
836 4479 871 4532 ub
888 4481 1015 4532 rationem
1036 4477 1172 4546 assiguiuis

353 4565 442 4622 rerba.
459 4567 506 4622 illa
524 4565 623 4619 atrocia
650 4583 702 4618 nou
728 4565 892 4620 conuitiunsli
918 4565 1026 4631 animo,
1045 4565 1103 4618 sine
1121 4583 1172 4636 quo

353 4649 453 4720 iniuria
472 4650 545 4702 illuto
564 4649 617 4701 dici
633 4649 757 4718 nequiit.
773 4663 796 4703 ι.
809 4651 831 4716 §.
848 4661 870 4702 ι.
874 4647 917 4718 ff
926 4649 959 4702 de
969 4649 1051 4719 injur.
1064 4648 1111 4701 sed
1125 4669 1172 4720 po·

355 4735 413 4789 tius
429 4732 579 4804 corrigendi
600 4735 707 4804 prolata
726 4751 783 4788 esse
802 4742 969 4804 praesumat,
989 4735 1006 4787 1.
1020 4732 1127 4789 unios.
1140 4734 1173 4788 de

356 4819 493 4874 emendat.
504 4817 651 4889 propinqus·
666 4817 685 4870 Ι.
700 4830 724 4870 t.
738 4825 759 4880 i.
772 4816 840 4885 eff·
853 4817 891 4870 ud
902 4819 920 4870 i.
935 4818 1020 4888 aquil.
1029 4819 1047 4870 i.
1059 4824 1133 4880 ιιι.
1146 4829 1171 4870 ι.

1218 3993 1327 4046 nopae
1343 3975 1487 4029 necessitas
1503 3995 1561 4031 nan
1578 3975 1671 4030 surse.
1697 3977 1756 4030 iam
1777 3993 1837 4028 aero
1856 3991 1963 4043 parens,
1982 3974 2039 4026 imo

1220 4062 1345 4128 majorem
1366 4060 1558 4123 necessitatem,
1579 4059 1703 4114 muralem
1723 4059 1781 4112 scil.
1801 4058 1828 4112 in
1847 4055 1919 4124 filia,
1932 4057 2042 4112 domins

1220 4142 1379 4210 pudicitiae,
1389 4143 1481 4196 adesse
1494 4145 1550 4212 ipss
1570 4143 1690 4198 boneatas
1709 4144 1823 4196 dictitat.
1837 4143 1920 4198 Porro
1930 4143 2041 4196 Grotius

1220 4228 1348 4297 requirit,
1362 4238 1393 4280 ut
1410 4230 1555 4281 necessitas
1569 4227 1616 4297 jur
1632 4229 1754 4294 tribunt,
1768 4247 1826 4281 raon
1840 4229 1913 4282 ultro
1931 4245 2039 4284 ersmers·

1221 4309 1299 4373 ditm,
1313 4329 1395 4380 piram
1406 4312 1464 4380 ipsu
1483 4309 1580 4377 exigit:
1601 4309 1618 4363 i.
1632 4327 1655 4364 e.
1667 4310 1694 4364 si
1707 4311 1832 4366 custodio
1844 4313 1969 4386 srffca'et
1981 4333 2041 4371 non

1220 4397 1378 4448 sumendum
1398 4413 1492 4450 nsum:
1509 4399 1535 4448 si
1550 4413 1632 4462 usus,
1656 4415 1716 4451 nora
1731 4397 1891 4452 sumendum
1912 4402 2042 4460 abusum:

1220 4481 1248 4531 si
1264 4480 1349 4532 ubuau
1366 4481 1403 4533 ait
1420 4495 1506 4548 opus,
1517 4481 1722 4536 restituendum
1746 4493 1840 4536 tasnen
1858 4487 1903 4537 res'
1914 4491 2042 4557 pretium.

1222 4563 1280 4616 lloo
1299 4565 1458 4633 requisitum
1484 4575 1574 4619 autem
1595 4566 1640 4620 bio
1663 4583 1765 4621 cessare
1787 4569 1848 4638 quia
1870 4585 1922 4623 uon
1947 4573 2042 4638 sidet.

1221 4645 1374 4700 auferretur
1396 4648 1471 4700 assim
1499 4645 1574 4704 filiae
1599 4650 1730 4721 pudicitia
1747 4661 1777 4705 et
1799 4653 1956 4723 virginitas,
1975 4677 2042 4728 quse

1221 4747 1271 4783 neo
1289 4730 1413 4796 restitui,
1426 4751 1476 4785 nec
1494 4733 1580 4803 pretio
1599 4737 1719 4804 reparari
1738 4746 1839 4807 potest,
1854 4757 1914 4796 cum
1935 4759 1977 4796 res
1996 4743 2040 4796 iu·

1222 4814 1400 4869 aestimabilis
1426 4815 1600 4870 sit-Nullum
1626 4818 1711 4887 igitur
1728 4823 1768 4888 jus
1796 4823 1826 4874 in
1845 4821 1919 4881 liliae
1936 4827 2042 4898 purlici-

347 4901 391 4978 ff.
404 4899 560 4976 quodfalso
573 4909 622 4954 tut.
636 4911 686 4956 unt
701 4912 765 4971 gest.
784 4917 839 4955 ease
857 4901 971 4956 dicetur.
990 4901 1058 4956 stt.
1077 4902 1172 4974 Carpe.
1224 4902 1289 4954 tiam
1309 4899 1409 4953 tribuet
1427 4901 1572 4954 nenessitas
1585 4903 1656 4972 patri
1669 4905 1776 4968 lenoni,
1789 4923 1839 4960 nee
1856 4928 1871 4961 a
1888 4929 1971 4982 pom.
1985 4913 2044 4984 pfl.

356 4988 375 5041 i.
390 4995 415 5041 ι.
428 4984 468 5039 tit.
486 4997 592 5051 erem.
604 4996 646 5038 ot.
657 5003 683 5040 n.
697 4998 721 5040 e.
735 5001 806 5056 seqq.
819 4983 935 5038 Eoencls.
947 4985 981 5038 de
989 4985 1115 5057 privileg.
1123 5005 1174 5057 po-
1223 4983 1337 5036 rstionis
1349 4983 1502 5038 abutentem
1515 4987 1576 5053 jure
1587 5001 1635 5038 auo
1645 4987 1794 5042 exertaabit.
1807 4993 1878 5045 noni.
1887 4995 1931 5050 do.
1940 4995 2042 5050 Brona.

356 5080 425 5125 rent.
438 5079 465 5123 et
476 5067 545 5124 iiber
553 5067 675 5139 privileg.
689 5080 713 5120 ι.
726 5087 749 5124 e.
765 5080 790 5122 ι.
801 5086 828 5120 n.
839 5079 862 5120 t.
870 5085 941 5140 seqq.
955 5080 981 5123 et
989 5067 1117 5141 priviieg.
1134 5081 1174 5124 tt.
1223 5067 1262 5121 od
1278 5067 1306 5120 d.
1323 5067 1341 5120 i.
1360 5069 1480 5122 bonnet.
1492 5069 1543 5124 uit.
1559 5087 1587 5120 ra.
1605 5079 1645 5121 ιι.
1659 5089 1730 5143 aepp.
1741 5085 1764 5124 c.
1776 5071 1933 5148 despectus.
1947 5080 2042 5150 Carpe.

282 5168 320 5210 -ts
358 5151 710 5222 e.t.n.t.seqp.,Gail.i.
734 5153 963 5208 satamon.
985 5154 1174 5224 edilegatas
1220 5148 1544 5222 ierimusorenept.
1568 5164 1655 5206 nto.
1678 5153 1707 5208 d.
1729 5165 1768 5208 to.
1792 5158 2041 5228 Mitigsbittaasen
2085 5177 2118 5216 rs

358 5239 459 5295 Pascaii
477 5239 497 5290 i.
511 5235 571 5308 fin.
590 5237 774 5308 restringenda
792 5239 823 5290 ad
843 5239 1041 5308 castigationem
1060 5240 1173 5302 realem,
1228 5233 1280 5286 isla
1297 5235 1446 5289 necessitas
1463 5251 1575 5306 mene·
1601 5235 1732 5290 lenocinii
1751 5239 1937 5308 criminalem,
1953 5245 2044 5314 qualis

242 5327 246 5332 '
359 5327 389 5378 in
406 5343 456 5394 qua
470 5322 494 5376 si
506 5323 621 5376 nimium
640 5323 1013 5392 excesseritpater,omnino
1032 5323 1175 5378 eumabnti
1227 5328 1329 5388 praeter
1348 5318 1526 5389 privationem
1547 5318 1614 5388 juris
1631 5319 1743 5390 qus'eaiti
1764 5321 1793 5376 in
1811 5324 1911 5380 liberos
1930 5329 1961 5378 in
1976 5327 2044 5382 dd.

289 5415 320 5459 to
358 5411 415 5478 jure
433 5425 480 5460 suo
496 5416 524 5459 et
543 5407 701 5477 prireuduru
721 5425 823 5462 censen.
843 5408 955 5465 Potestas
971 5411 1070 5481 quippe
1089 5409 1174 5480 patria
1226 5403 1275 5476 uit.
1292 5403 1465 5458 constituitur
1476 5404 1588 5458 exilium
1600 5405 1643 5460 rel
1656 5404 1791 5460 damuatio
1805 5409 1834 5461 ia
1850 5411 1999 5477 metallum
2017 5413 2048 5466 ia

289 5505 317 5546 tt
357 5492 438 5544 bodie
456 5509 508 5545 non
529 5491 679 5560 tyrannica,
700 5488 744 5543 sed
764 5491 837 5558 regia
855 5499 882 5544 et
900 5489 1037 5546 moderata
1055 5491 1175 5546 essede-
1228 5485 1333 5557 noveii·
1355 5497 1395 5539 ¹⁴·
1414 5489 1437 5554 S·
1459 5499 1482 5542 ι.
1499 5487 1626 5541 altimum
1645 5490 1913 5564 supplicium,quant
1931 5513 2045 5566 poenam
2086 5517 2120 5558 tc

358 5575 418 5639 laet,
431 5575 560 5645 talemque
570 5591 628 5628 esse
645 5571 804 5644 reipublicae
822 5571 947 5644 expedit,
961 5575 1102 5644 prout-iate
1114 5588 1176 5626 cou-
1228 5569 1256 5626 ei
1272 5579 1334 5626 anta
1350 5572 1536 5627 iustiniannm
1554 5575 1608 5642 jam
1627 5585 1683 5630 tum
1708 5575 1860 5634 obtinuisse
1881 5579 1989 5650 probari
2008 5582 2048 5634 si·

360 5670 399 5720 tte
421 5661 551 5718 bodinum
573 5659 687 5735 disputat
707 5657 814 5716 Enenci
834 5660 867 5714 de
885 5657 1003 5731 privileg.
1021 5668 1126 5730 purant.
1149 5667 1176 5714 et
1227 5657 1305 5714 detur
1322 5675 1356 5715 ea
1375 5658 1456 5712 Paulo
1474 5659 1504 5712 sir
1523 5657 1541 5714 i.
1563 5655 1628 5732 ις.
1657 5657 1731 5731 eff.
1750 5664 1784 5718 de
1807 5665 1952 5720 samsom.
1969 5667 2046 5722 orris,
