4396 6286
513 369 1449 470 nrsrurarroou1nra

207 574 312 690 tots
349 569 560 693 aaut
594 571 853 686 butun
889 571 990 687 uu
1028 572 1281 693 sadud
1317 567 1731 694 statuero

711 827 765 870 nus
787 825 918 874 sucum
940 827 1024 873 sano
1048 829 1222 874 uncum.
1299 831 1302 838 ’

772 1011 1167 1060 ΗΗΟΗΗΗῚ

420 1185 663 1300 GEBlldRD.
693 1185 836 1256 LEVIN
867 1189 1143 1262 LUEDECKE.
1168 1187 1396 1260 HALLENS.
1425 1187 1531 1256 SAR.

699 1389 1258 1438 ...ι-ψ...

702 1557 1243 1653 aaaanoouruu.

133 1715 307 1866 prodiga
330 1793 424 1838 cerae
445 1785 547 1860 atque
569 1763 665 1862 signi
680 1765 867 1836 sui'nostra
892 1777 981 1834 aetas
1005 1785 1067 1850 est,
1091 1791 1127 1835 ac
1150 1791 1225 1836 cum
1249 1767 1358 1838 Tullii
1383 1781 1508 1848 matre,
1531 1766 1815 1862 quemadmodum

130 1865 205 1955 ipse
220 1861 264 1930 dc
279 1886 317 1930 ea
334 1861 450 1969 scribit
465 1857 528 1967 lib..
546 1859 599 1965 ιθ.
616 1883 670 2015 ep.
681 1861 776 1948 som.
802 1857 916 1924 inanes
932 1881 1070 1964 quoque
1092 1858 1225 1951 lagenas
1248 1861 1423 1968 obsignare
1439 1884 1505 1927 non
1520 1859 1664 1968 dubitat.
1679 1859 1816 1952 Quippe

131 1955 217 2021 adeo
239 1975 428 2020 communis
451 1949 550 2018 hodie
568 1972 628 2040 ugr
647 1951 752 2017 lorum
776 1972 859 2016 usus
873 1965 940 2031 est,
956 1961 995 2014 ut
1013 1973 1065 2016 vax
1082 1949 1237 2018 schedula
1261 1975 1279 2017 a
1296 1975 1455 2109 quopiam
1475 1951 1714 2033 conscribatur,
1730 1975 1817 2058 quae

132 2067 206 2112 non
230 2044 341 2150 sigillo
363 2042 515 2110 e'usdem
538 2041 727 2108 confirmari
749 2039 863 2106 soleat.
888 2038 1005 2196 Nepue
1028 2061 1067 2106 eo
1090 2041 1236 2108 contenti
1261 2054 1342 2109 sunt
1376 2043 1529 2120 sominae,
1554 2041 1644 2200 ‹puod
1668 2041 1752 2110 banc
1774 2066 1818 2110 sr-

131 2135 278 2230 gillands
302 2134 375 2202 saco
394 2145 494 2200 tatem
519 2133 619 2200 tacito
641 2127 833 2237 principum
857 2127 941 2194 indu
958 2145 995 2195 tu
1017 2131 1184 2196 consecuti
1201 2131 1286 2218 sint,
1302 2131 1354 2199 nti
1377 2131 1471 2200 docet
1490 2129 1561 2204 We
1585 2157 1623 2200 rr.
1638 2135 1676 2200 in
1691 2129 1826 2201 obserat

126 2241 352 2320 proco-ooo.
379 2220 554 2317 Insiegell.
579 2221 638 2290 sed
662 2221 805 2288 ulterius
828 2217 993 2302 tendunt,
1016 2231 1051 2285 et
1074 2219 1147 2288 illas
1170 2220 1271 2288 etiam
1294 2245 1442 2290 cerarum
1465 2223 1604 2326 species,
1620 2247 1703 2317 quas
1721 2224 1818 2315 prin·

130 2318 225 2410 cipes
248 2317 284 2384 in
308 2313 484 2409 sigillando
507 2311 573 2382 sibi
597 2327 829 2393 reservarunt,
858 2331 961 2378 manu
992 2308 1194 2403 plusquam
1224 2311 1397 2380 temeraria
1426 2311 1490 2378 sibi
1516 2312 1699 2380 vindicant.
1724 2313 1818 2381 Adeo

131 2407 226 2476 nihil
249 2407 413 2475 intactum
437 2405 709 2496 intentatumque
731 2401 955 2494 relinquitur,
979 2399 1071 2493 quod
1093 2401 1297 2469 eminentiae
1320 2401 1495 2494 principali
1518 2403 1685 2494 quondam
1709 2405 1819 2472 tribu·

131 2516 228 2567 tum:
245 2521 307 2566 nec
330 2497 391 2565 boc
414 2493 712 2587 praesentiseculo
735 2517 849 2562 rarum
874 2515 942 2559 csse
965 2491 1102 2582 poterit,
1126 2490 1187 2559 ubi
1211 2491 1281 2560 sere
1302 2491 1456 2560 omnium
1484 2505 1630 2563 statuum
1664 2496 1835 2564 imminet*

129 2589 301 2660 conlusio.
318 2587 361 2655 ln
385 2586 578 2678 exesnplum
602 2581 723 2651 adduci
746 2594 878 2676 possent
901 2582 989 2672 leges
1012 2581 1357 2672 imperiivcstiariae,
1371 2581 1584 2674 publicorum
1608 2586 1836 2656 comitiorum·

130 2679 332 2749 auctoritate
354 2678 518 2762 firmatae,
541 2674 601 2743 hic
617 2695 698 2742 sane
719 2697 780 2766 pro
802 2672 975 2764 dignitatis
997 2683 1031 2737 et
1053 2673 1257 2740 eminentiae
1275 2673 1403 2741 ratione
1416 2673 1575 2766 cuiques
1599 2675 1745 2745 lendoris
1760 2700 1818 2745 ex·

132 2772 228 2838 terni
253 2767 444 2860 praescripti
471 2767 574 2854 lites3‘
586 2787 702 2834 verum
726 2766 755 2832 si
777 2788 820 2829 ex
834 2761 1046 2829 observantia
1061 2759 1166 2830 dictas
1181 2763 1404 2832 aestimaveris
1420 2762 1529 2857 leges,
1544 2699 1599 2832 nil
1610 2765 1708 2834 hodie
1725 2767 1835 2858 prin··

131 2863 289 2952 cipibus,
315 2859 366 2926 nil
389 2855 587 2938 comitibus,
611 2855 662 2922 nil
686 2852 859 2921 nobilibus
881 2875 1051 2942 superesse
1073 2853 1264 2920 ornamenti
1286 2853 1432 2936 dixeris,
1456 2855 1549 2947 quod
1576 2857 1706 2948 privato
1728 2855 1820 2924 arbi·

132 2954 204 3020 trio
229 2952 295 3020 sibi
320 2972 387 3015 non
410 2944 630 3015 vindicaverit
653 2943 786 3036 vulgus.
811 2942 974 3034 Exemplo
997 2940 1100 3008 simili
1123 2967 1216 3012 cerae
1239 2943 1363 3013 rubrae
1385 2969 1482 3027 usus,
1505 2946 1715 3038 principibus
1737 2947 1820 3013 olim

129 3043 392 3133 illustribusque
416 3037 564 3131 personis
586 3034 694 3105 solum
717 3047 925 3128 competens,
949 3031 1049 3100 hodie
1073 3034 1212 3122 privatis
1234 3057 1342 3128 aequa
1364 3034 1536 3104 familiaris
1558 3053 1624 3120 est,
1639 3060 1675 3106 ac
1697 3039 1725 3106 ai
1747 3039 1822 3104 cni·

131 3159 208 3227 qne
231 3133 306 3212 hic,
328 3130 419 3222 quod
443 3127 550 3209 libet,
579 3125 928 3194 liceret..Detestatur
955 3123 1046 3190 hunc
1075 3125 1301 3214 promiscuum
1323 3149 1416 3194 cerae
1439 3123 1560 3194 rubrae
1583 3151 1682 3195 usum
1710 3127 1821 3198 verbis

130 3221 334 3315 ampliaticis
357 3219 571 3311 gravissimus
593 3230 708 3284 auctor
730 3216 856 3309 Georg.
874 3212 1036 3282 llundius
1058 3237 1075 3279 a
1100 3213 1251 3302 Rodacb,
1273 3219 1313 3283 in
1335 3231 1381 3284 tr.
1403 3216 1447 3286 de
1468 3224 1580 3290 consit.
1598 3222 1714 3316 palat.
1730 3247 1842 3294 coes.-

131 3340 217 3408 cap.
245 3311 278 3379 3.
303 3337 339 3378 n.
367 3311 447 3376 322.
472 3309 645 3400 sequentia
670 3307 856 3416 proferensa
882 3303 1004 3386 hodie,
1029 3303 1088 3372 ubi
1110 3303 1190 3372 boni
1212 3329 1322 3375 mores
1345 3307 1513 3394 exulant,
1536 3327 1568 3379 et
1591 3337 1704 3383 omnes
1727 3314 1840 3409 leges·

131 3426 321 3500 suppressa
338 3404 477 3492 jacent,
493 3399 700 3468 excellentia
715 3421 817 3466 cerae
833 3393 957 3464 rubrae
972 3420 1098 3488 porum
1113 3393 1331 3484 observetur,
1347 3411 1380 3466 et
1394 3399 1478 3466 iudi
1498 3419 1639 3472 erentes*
1650 3405 1694 3472 ob
1710 3411 1822 3473 omni-

133 3497 200 3566 bus
226 3509 259 3562 et
272 3495 354 3582 sere
376 3493 481 3560 etiem
502 3515 599 3558 suum
618 3486 814 3580 pastoribus
837 3501 908 3556 tom
932 3486 1065 3580 insigne
1084 3487 1306 3578 privilegium
1331 3493 1437 3558 nauci
1485 3490 1631 3581 abatur,
1653 3519 1696 3566 oc
1717 3495 1830 3566 rubro·

132 3611 223 3660 cera
245 3585 349 3652 etiam
372 3607 456 3676 erga
480 3583 631 3674 majores
653 3596 684 3647 et
706 3581 902 3669 superiores
925 3578 968 3645 ob
992 3575 1218 3670 inferioribus
1247 3579 1451 3662 adhibetur,
1480 3583 1541 3651 ubi
1566 3597 1682 3654 tomen
1696 3623 1698 3630 ·
1712 3585 1827 3678 magi-²

133 3674 308 3749 stratibus
332 3675 371 3742 in
394 3673 584 3742 malitiosos
607 3671 782 3739 hominum
804 3683 948 3738 conatus
971 3668 1127 3759 rigorose
1148 3670 1517 3763 insurgendumessea
1527 3674 1677 3747 Pertinet
1693 3677 1758 3748 huc
1772 3703 1824 3750 se·

135 3793 217 3839 vera
242 3764 442 3859 probibitio,
459 3787 502 3830 ne
525 3763 708 3856 qnisquam
730 3783 857 3828 sacrum
882 3760 1044 3850 principis
1066 3772 1263 3828 encaustum
1286 3762 1322 3828 in
1347 3763 1519 3856 scripturis
1540 3768 1609 3835 suis
1631 3770 1823 3857 adhiberet,

134 3860 242 3942 adeo,
268 3867 308 3923 ut
335 3855 441 3922 laesae
463 3855 644 3944 majestatis
667 3851 985 3943 postularintillius
1006 3848 1088 3941 legis
1112 3849 1303 3938 violatores,
1332 3853 1421 3922 1.-6.
1449 3878 1481 3923 ct
1503 3855 1547 3926 dc
1570 3858 1641 3929 div'.
1667 3866 1822 3957 rescript.

136 3951 254 4044 Digna
280 3943 367 4013 mibi
393 3943 481 4013 haec·
501 3946 569 4012 visa
593 3941 768 4027 materies,
790 3965 877 4033 quae
900 3940 1053 4032 publicae
1068 3938 1265 4010 discussioni
1292 3947 1485 4028 sisteretur,
1508 3973 1577 4042 qno
1599 3951 1665 4018 tine
1687 3954 1766 4022 colle
1792 3956 1823 4035 i,

138 4064 228 4134 quac
252 4037 331 4104 hinc
355 4033 434 4101 inde
457 4032 500 4101 de
522 4032 767 4126 elegantissima
790 4031 852 4098 bac
880 4031 1017 4098 materia
1042 4031 1188 4120 reperire
1212 4032 1324 4100 licuit·
1341 4035 1504 4106 Usussui
1531 4040 1684 4111 libertate
1711 3979 1825 4112 arada*

142 4133 251 4212 mica,
269 4147 337 4192 non
354 4125 464 4191 animo
481 4124 623 4190 alienam
648 4120 826 4191 vellicandi
851 4131 911 4187 aut
934 4121 1184 4189 immunitatem
1208 4135 1266 4190 aut
1289 4124 1491 4198 libertatern.
1511 4129 1615 4200 -Deua
1629 4157 1733 4216 ¹vero,
1761 4133 1824 4225 qui

141 4221 278 4380 lSpiritu
304 4213 508 4368 Sanctodnos
530 4213 736 4308 obsignavit,
758 4237 817 4307 per
839 4210 1068 4280 rubicundum
1091 4212 1288 4307 sanguinem
1304 4215 1447 4306 Christi,
1463 4221 1567 4315 gratia
1589 4246 1650 4291 sua
1671 4235 1848 4316 coeptum.

153 4313 292 4380 aborem
316 4327 415 4374 secun
441 4315 492 4372 et..

821 4479 1068 4552 G'APUT
1125 4481 1180 4553 1.‘.

683 4655 740 4724 D'e
763 4679 845 4726 cero
868 4651 977 4724 rabro
1001 4659 1039 4722 irs
1064 4679 1227 4746 genere·

385 4849 416 4900 S*
427 4843 506 4900 ut!
519 4841 556 4895 t!
571 4839 599 4894 'A
609 4841 642 4895 dt
657 4842 679 4894 ,1
696 4839 739 4891 A·
1016 4831 1075 4884 Pro
1087 4828 1226 4884 colombae
1238 4830 1361 4890 sumbus.
1376 4853 1405 4892 η,
1423 4843 1463 4892 tr.

1017 4913 1203 4967 Instrumeuto
1217 4915 1353 4982 pictorum
1370 4931 1578 4978 annumerabor·
1591 4940 1620 4977 u.
1636 4900 1677 4979 td.
1699 4953 1702 4960 ·

144 5018 299 5087 Ingressus.
310 5019 376 5066 u.·t.
1018 4997 1077 5049 Pro
1090 4997 1207 5053 materia
1218 4998 1372 5070 sigillorum
1382 5003 1507 5060 sumitur.
1520 5024 1548 5060 a.
1567 5016 1607 5062 tt.
1618 5015 1647 5064 et
1662 5016 1703 5060 ts.
1724 5032 1730 5042 ·

143 5100 238 5156 cem
251 5091 428 5167 etymologia.
439 5109 465 5145 rr.
480 5100 505 5143 t.
1022 5078 1166 5145 Quomodo
1178 5091 1285 5137 vetem
1302 5083 1483 5143 instrumento
1499 5089 1715 5160 romiguoriat?
1732 5107 1759 5144 rs.
1779 5102 1822 5146 ts.

151 5181 254 5237 traam
264 5177 339 5234 onds
350 5175 481 5232 dicator?
495 5195 523 5230 n.
538 5188 561 5231 s.
1024 5163 1141 5231 Quando
1150 5165 1237 5235 patres·
1246 5167 1515 5240 imperatoremm
1532 5173 1609 5232 tutto
1621 5177 1665 5232 ass·
1674 5175 1747 5233 stur?
1757 5194 1786 5230 a.
1800 5185 1841 5230 ar.

149 5261 339 5336 &noestam
349 5258 564 5332 pontificiorum.
576 5275 603 5310 a.
618 5265 643 5309 t.
1021 5247 1194 5305 Describitur
1208 5267 1280 5307 cera.
1291 5271 1322 5308 n.
1336 5265 1380 5309 tr.
1401 5285 1406 5294 ·

153 5353 227 5425 Quid
236 5351 274 5407 sit
285 5349 329 5406 dir
341 5348 474 5404 maclous
485 5349 583 5402 Kettos
601 5363 636 5398 aa
653 5339 757 5400 Helle?
772 5359 812 5397 aa
822 5351 859 5396 ts
1021 5329 1098 5426 Bias·
1108 5345 1295 5405 &naamam
1310 5336 1472 5409 quodnam?
1483 5357 1512 5395 a.
1529 5351 1570 5395 tt.

152 5443 223 5498 Cera
237 5435 408 5507 scripturam
419 5432 542 5486 denotat.
559 5448 588 5484 rs.
604 5441 629 5483 s.
642 5439 667 5480 t.
681 5437 707 5485 ο.
1027 5415 1131 5471 Vame
1142 5417 1246 5486 meotes
1254 5432 1527 5482 cerasreceasenrw·
1538 5442 1566 5478 n.
1579 5435 1620 5480 to.

149 5526 225 5582 cers
240 5519 332 5586 primo
349 5513 469 5572 secunda
487 5525 536 5570 etc·
554 5509 638 5587 quta?
655 5529 682 5567 n.
702 5523 725 5568 t.
1029 5499 1098 5555 Cera
1115 5501 1181 5560 utta
1192 5505 1332 5562 centum
1348 5519 1396 5564 est.
1414 5527 1444 5564 a.
1463 5520 1505 5564 tt.

155 5605 228 5676 Quid
243 5603 281 5659 aa
298 5601 342 5658 aa
359 5598 540 5670 naa-nasu
555 5617 590 5654 aa
608 5597 809 5660 mattarum.
1024 5581 1116 5638 Aua
1126 5585 1209 5642 ⁶⁰10?
1219 5586 1310 5659 redut
1321 5600 1370 5644 επ·
1384 5609 1414 5649 a.
1428 5601 1472 5646 ²²·

152 5690 226 5747 Caro
245 5683 380 5761 mopso
391 5684 514 5744 denotet.
531 5701 562 5739 n.
583 5691 627 5737 tt.
1024 5667 1098 5728 Caro
1116 5670 1187 5730 alto
1200 5671 1267 5728 olim
1284 5673 1321 5732 oi
1339 5675 1508 5749 imperaror·
1526 5679 1657 5738 adbibita·
1670 5695 1699 5734 a.
1713 5689 1755 5734 ts.
