4348 6282
950 257 1139 316 ossuum.
1159 257 1230 314 XXI.
1247 257 1365 316 catut·
1385 260 1431 316 tv.
1499 257 1505 265 ’

1056 442 1274 512 CAPUT
1320 445 1380 513 tv.

785 617 838 712 De
855 617 1132 708 praesumptione
1142 611 1285 703 feudali
1308 622 1448 686 ratione
1472 615 1625 684 vassalli.

598 803 941 864 SUMMARIA
1264 811 1588 859 sur.n.st.ss.so·sr.

1230 889 1278 940 An
1291 885 1424 940 alienatio
1442 885 1502 939 sine
1519 899 1655 940 consensu
1667 883 1868 956 ‹laminisacta
1877 901 1974 958 semper
1983 883 2022 943 la-

378 989 511 1046 ngressus.
520 991 546 1025 ιι.
564 984 585 1027 t.
599 984 625 1026 ι.
1262 971 1321 1024 losa
1332 969 1542 1037 praesumatur?
1554 990 1580 1023 n.
1597 981 1639 1024 ιι.

363 1058 459 1126 Qualis
477 1059 547 1112 arcta
567 1058 743 1114 tractationis
760 1065 787 1110 et
803 1059 837 1112 tte
855 1069 978 1125 quanam
1004 1069 1036 1106 re
1060 1047 1178 1120 apetssr?
1231 1053 1304 1122 Quid
1319 1053 1344 1106 si
1361 1057 1412 1106 troc
1421 1052 1526 1122 fiuent
1537 1051 1663 1108 dubitans
1681 1071 1718 1107 aa
1736 1053 1874 1125 praedium
1892 1051 2019 1110 ιΙὶιιιιιιι
2099 1047 2100 1050 “

395 1160 422 1196 n.
438 1153 462 1194 ι.
478 1151 501 1194 ι.
516 1154 538 1194 ι.
1254 1137 1374 1207 findam
1386 1135 1422 1189 sit
1436 1155 1485 1190 nec
1498 1137 1551 1190 rte?
1566 1155 1594 1188 n.
1607 1148 1648 1192 ιι.

355 1231 404 1282 An
407 1229 526 1300 findam
539 1248 576 1283 ea·
585 1239 664 1300 paeto
678 1238 704 1282 et
715 1224 1005 1294 procidentiaapatre
1016 1223 1176 1288 alienatum,
1227 1221 1421 1290 Respondetur
1444 1237 1506 1275 cum
1529 1221 1680 1278 rationibus
1702 1237 1753 1293 pro
1776 1231 1803 1279 et
1825 1231 1930 1279 cantra.
1950 1241 1975 1276 ιι.
1990 1235 2023 1278 ιι.
2099 1261 2105 1346 Ι

392 1333 410 1367 a
416 1310 490 1381 filiis
503 1312 629 1366 reuocari
640 1311 751 1381 possit?
763 1330 791 1363 a·
808 1324 832 1364 ι.
1265 1317 1307 1358 ιι.
1329 1317 1371 1360 ιι.

356 1395 513 1458 &plicatio
525 1393 703 1468 quaestionis.
718 1413 746 1448 η,
762 1405 787 1448 ι.
801 1405 825 1447 s.
1231 1388 1307 1460 (tuid
1315 1391 1342 1442 ιι·
1351 1406 1431 1443 casus
1441 1389 1575 1462 petendae
1585 1389 1778 1444 renovationis
1788 1389 1963 1446 incestatum
1974 1407 2024 1442 cas·

356 1479 521 1548 Responsio.
532 1497 560 1532 n.
574 1489 599 1532 ι,
1262 1474 1332 1529 salto
1344 1477 1453 1529 aisente
1466 1487 1513 1528 aut
1527 1485 1623 1529 extero
1636 1475 1761 1544 contigit,
1774 1488 1802 1529 st
1813 1475 1859 1532 ille
1872 1495 1933 1531 sam
1944 1475 2027 1542 οιιίιὶι,
2097 1512 2102 1521 -

356 1563 488 1617 Rationes
498 1579 549 1635 pra
563 1570 590 1615 et
601 1569 706 1616 contra.
720 1579 749 1614 n.
766 1571 805 1617 to.
823 1572 864 1615 tt.
881 1569 923 1613 tt.
946 1571 985 1613 ts.
1008 1567 1047 1612 tt.
1070 1569 1109 1610 ιι.
1139 1569 1179 1610 ιι.
1264 1575 1300 1612 an
1314 1560 1407 1613 dolose
1420 1559 1579 1630 hocfecisse
1590 1559 1804 1628 praesumatur?
1815 1579 1843 1616 n.
1858 1573 1902 1614 ιι.

396 1657 437 1698 ιι.
451 1656 494 1700 ιι.
510 1657 551 1700 ιι.
1228 1645 1431 1712 Respondetur.
1443 1663 1471 1697 ιι.
1487 1654 1528 1696 ιι.

358 1731 441 1784 Duae
454 1728 610 1784 instantiae.
623 1749 650 1784 n.
669 1741 708 1782 ιι.
726 1741 767 1782 ιι.
1227 1727 1258 1782 Si
1268 1729 1401 1783 vassallus
1414 1747 1475 1782 cum
1489 1727 1606 1785 inimicis
1617 1729 1725 1787 damini
1743 1727 1916 1786 inimicitiam
1937 1741 2028 1784 conco·

364 1812 437 1878 Quid
448 1811 513 1883 iura
525 1831 589 1868 saa.
599 1813 743 1868 obtineat?
756 1830 784 1866 n.
801 1819 844 1864 ιι.
859 1820 901 1864 ιι.
1264 1816 1356 1879 sterit,
1372 1823 1397 1865 et
1411 1813 1520 1868 dulium
1539 1835 1578 1870 an
1598 1815 1628 1869 in
1644 1813 1790 1884 perniciem
1809 1815 1917 1868 stamini
1932 1833 1978 1869 nea
1990 1833 2027 1880 aa.

359 1901 493 1954 Concessa
511 1893 688 1966 alicuiseutic
699 1893 827 1966 prastliis
839 1904 865 1947 et
878 1891 991 1964 filiabus
1014 1893 1124 1963 tuanda
1144 1889 1182 1944 ati
1265 1895 1332 1966 quid
1343 1893 1450 1965 iasoro
1464 1908 1581 1953 casterno
1593 1897 1806 1966 praesumatur?
1818 1919 1847 1954 a.
1861 1911 1904 1952 ιι.

381 1981 465 2052 filias
477 1983 608 2036 successio
622 1981 748 2037 devoluta
757 1979 977 2052 praesumatur?
990 1997 1018 2030 ιι.
1033 1988 1078 2029 ιι.
1228 1978 1426 2048 llespondetur·
1440 2000 1467 2035 n.
1483 1993 1526 2035 ιι.
1540 1994 1583 2036 ιι.
1599 1993 1640 2036 ιι.
1656 1993 1696 2035 ιι.
1710 1993 1754 2035 ιι.

356 2069 467 2137 llespcn
475 2066 561 2122 detur.
573 2082 600 2117 n.
614 2077 657 2120 ιι.

358 2151 497 2204 Eatensio
511 2147 706 2222 responsionis·
720 2167 749 2202 ιι.
764 2157 806 2202 ιι.
1231 2101 1386 2220 Sequitur.
1400 2157 1428 2204 ul
1441 2153 1580 2208 materiam
1602 2151 1828 2228 praesumptionis
1846 2147 1969 2217 tentatis,
1978 2167 2029 2220 quse
2053 2182 2058 2218 t

358 2233 514 2292 Limitatio.
528 2251 556 2288 ιι.
571 2245 613 2286 ιι.
628 2244 670 2286 ιι.
1230 2234 1330 2289 talione
1349 2237 1472 2303 satulli,
1492 2253 1537 2291 seu
1555 2241 1631 2309 ejus,
1648 2240 1695 2310 qui
1713 2236 1823 2292 icosium
1841 2237 1977 2308 acquisit,
1992 2255 2028 2289 oo

357 2317 531 2390 Aaseudum
548 2316 761 2389 pignoratitiam
772 2321 966 2385 praesumatur
980 2327 1030 2381 pra
1038 2307 1180 2379 ‚torminis
1229 2319 1328 2384 currit,
1340 2319 1402 2372 huic
1415 2319 1498 2390 capiti
1511 2320 1682 2376 destinemus.
1701 2320 1796 2376 Actum
1815 2323 2030 2392 praecedentem·
2054 2344 2062 2383 t

395 2403 570 2477 quaesitum?
583 2421 609 2456 n.
625 2415 667 2456 ιι.
1230 2399 1300 2471 pite,
1318 2418 1370 2471 quo
1389 2404 1465 2458 modo
1484 2413 1511 2456 et
1527 2421 1576 2474 qua
1597 2407 1700 2460 ratione
1718 2405 1842 2475 princeps
1861 2405 1970 2459 cassella
1990 2403 2032 2456 leo·

359 2489 549 2559 Respondetur
559 2487 762 2561 distinguendo.
774 2503 800 2542 n.
816 2498 858 2540 stt.
872 2495 915 2538 st.
1229 2483 1293 2538 dum
1310 2487 1472 2541 constituere
1489 2501 1678 2559 praesumatur.
1698 2491 1751 2543 Hic
1770 2490 1799 2542 io
1817 2491 2033 2561 praesumptione,
2056 2486 2063 2523 ³

361 2577 505 2646 Quomodo
519 2585 546 2627 et
558 2575 670 2646 quando
681 2564 1180 2643 instudissrancisfhcminaesuaca·
1228 2587 1295 2640 qaae
1313 2571 1415 2625 ratione
1434 2573 1536 2627 vassalli
1554 2573 1625 2627 circs
1644 2572 1716 2627 iculi
1733 2573 1768 2628 its
1782 2575 1925 2627 cossstltuti
1943 2589 2033 2626 conseo

393 2660 457 2714 dere
470 2657 701 2726 praesumantur?
714 2677 740 2710 n.
754 2667 796 2710 ιι.
1229 2657 1360 2712 sationem
1387 2675 1467 2728 penes
1491 2655 1642 2724 familiam,
1668 2669 1696 2711 et
1720 2657 1917 2725 amissionem,
1937 2658 2032 2712 dubiam

357 2739 970 2814 Respondeturetrcseltunturoljectionesm.
981 2750 1022 2791 ιι.
1034 2746 1077 2791 ιι.
1088 2747 1180 2790 tots·
1230 2753 1334 2795 masere
1352 2749 1453 2811 potest,
1472 2742 1629 2812 explicantia
1648 2742 1859 2816 illustrandeque
1884 2745 2034 2815 occupatio

363 2823 638 2897 (luiddeCarpzosii
656 2823 788 2896 opinione
800 2821 834 2876 cle
847 2841 905 2876 non
920 2819 1089 2890 praestando
1094 2818 1179 2892 jura·
1230 2823 1321 2878 rimus.
1341 2825 1376 2878 Et
1391 2825 1461 2897 quasi
1480 2827 1570 2899 primo
1588 2829 1819 2882 conseruationem
1838 2827 1913 2882 tenti
1939 2827 2030 2882 metito·
2055 2843 2063 2880 ι

394 2921 485 2964 menta
502 2906 653 2978 fidelitatis
671 2905 810 2986 insaucia
826 2907 937 2980 sranm
957 2903 1130 2960 tenentium?
1153 2919 1181 2955 ιι.
1233 2909 1252 2962 si
1272 2910 1468 2974 attinet‚lllam
1488 2912 1604 2966 maxime
1616 2911 1645 2965 in
1660 2911 1861 2966 transmissione
1874 2911 1908 2966 ad
1922 2925 2033 2985 ροιιιιιι,

399 3008 444 3049 ιι.
457 3006 500 3048 ιι.
1230 2994 1403 3064 eosdemque,
1416 3011 1450 3048 ne
1464 2993 1582 3050 lumiliae
1595 2995 1720 3069 splendor
1729 2995 1920 3067 extinguatur,
1932 2995 2034 3050 messui·

360 3081 409 3132 An
422 3095 551 3134 concessa
563 3078 742 3151 olscuiseruia
756 3095 832 3134 noca
841 3077 907 3153 jure
920 3075 1039 3149 ‚antiqui
1049 3091 1100 3142 pra
1113 3089 1143 3128 te
1155 3083 1181 3128 et
1231 3077 1258 3128 ui
1274 3093 1363 3142 maus,
1375 3079 1529 3143 consistere,
1543 3096 1590 3150 per
1604 3089 1667 3134 teat.
1683 3078 1742 3150 ns?
1756 3093 1800 3134 st.
1813 3081 1971 3151 expeditum
1985 3081 2034 3134 satis

396 3165 554 3220 haeredibus
565 3177 623 3220 tam
637 3167 769 3230 meotis,
781 3183 862 3235 quam
866 3163 1010 3235 foeminis,
1013 3159 1109 3232 filiae,
1122 3161 1182 3215 nul-
1229 3171 1278 3214 est.
1300 3163 1339 3213 De
1352 3160 1483 3230 expeditis
1502 3172 1588 3216 eutem
1606 3173 1684 3233 atque
1702 3165 1790 3236 planis
1803 3163 1848 3216 hic
1864 3179 1920 3216 non
1934 3165 2036 3220 lebona·

402 3248 437 3300 tis
449 3251 608 3304 extantibus
616 3247 691 3321 filiis
704 3250 832 3320 aguatis,
850 3247 1054 3320 praesterendae
1069 3261 1181 3314 praesu·
1230 3242 1303 3296 dum.
1323 3245 1415 3299 Paucis
1436 3255 1540 3311 temen,
1553 3264 1603 3316 qus
1621 3247 1724 3302 ratione
1742 3245 1869 3302 foeminis
1889 3266 1986 3320 quoque
2001 3261 2037 3318 pet
2061 3273 2067 3309 ι

403 3333 537 3385 rnantur?
550 3351 576 3386 n.
591 3345 633 3385 ιι.
1232 3329 1433 3399 acquisitionem
1454 3329 1525 3384 tenti
1552 3341 1722 3401 prospectum
1742 3343 1944 3402 praesumatur,
1969 3329 2037 3402 clispi-

361 3417 514 3486 llespansia
525 3435 586 3472 aum
597 3415 748 3473 rationibus
759 3433 808 3484 pra
821 3425 846 3468 et
858 3426 963 3468 contra.
977 3435 1005 3470 n.
1019 3427 1061 3469 ιι.
1077 3424 1090 3467 ι
1105 3426 1127 3467 ι.
1141 3423 1184 3466 ιι.
1233 3413 1341 3466 eiemus.
1362 3414 1537 3468 Praemittese
1554 3426 1645 3468 autem
1664 3416 1709 3468 iric
1723 3417 1818 3470 licebit
1831 3417 1964 3472 celebrem
1977 3419 2035 3469 illan
2062 3440 2070 3477 ι

363 3508 411 3559 Aa
415 3504 561 3577 foeminae
574 3505 657 3559 ctiam
676 3501 806 3575 infautia
819 3502 853 3557 ab
865 3502 1031 3556 leaenserita
1051 3513 1180 3554 consessa
1233 3499 1460 3552 controversiam:
1478 3499 1502 3551 si
1521 3499 1648 3554 vassallus
1666 3499 1774 3569 quidam
1794 3499 1906 3554 lendum
1926 3519 1957 3557 ex
1975 3513 2037 3571 pecta

384 3589 424 3647 ad
435 3596 630 3647 ,mmmm
642 3601 755 3646 emam
764 3587 978 3659 praesumatur?
990 3607 1018 3642 η,
1034 3599 1077 3641 ιι.
1233 3591 1261 3634 et
1279 3581 1446 3652 procidentia
1464 3584 1637 3648 alienaverit,
1660 3602 1748 3636 aneson
1766 3581 1818 3638 lilii
1839 3587 1913 3654 ejus,
1935 3587 1962 3640 iu
1986 3587 2038 3637 hanc

365 3679 560 3748 Responsum,
576 3697 604 3731 η,
619 3687 662 3730 ιι,
678 3688 719 3730 ιι,
1234 3664 1419 3720 alienationem
1433 3667 1600 3720 consensisse
1614 3677 1834 3739 praesumantur,
1850 3679 1912 3722 utut
1929 3669 1992 3740 ipsis
2003 3683 2039 3738 per

365 3758 774 3832 Ansisesulumsaemininum
792 3753 1186 3827 semeladfieminamtrans·
1235 3752 1350 3820 primam
1370 3751 1556 3804 incestituram
1583 3764 1769 3822 prospectum,
1794 3769 1827 3803 sn
1854 3769 1919 3806 seso
1944 3751 2039 3822 pericle

399 3845 446 3910 iit,
457 3844 607 3915 foeminam
624 3857 722 3915 postea
738 3861 799 3898 cum
818 3843 944 3897 masculis
955 3841 1110 3894 indistincte
1132 3837 1183 3892 ad·
1234 3846 1263 3887 ut
1280 3837 1385 3905 agneti,
1404 3836 1432 3888 id
1455 3833 1580 3900 leucium„
1608 3837 1654 3889 ubi
1675 3837 1804 3889 successio
1824 3837 1881 3890 iltis
1901 3835 2041 3891 delateiue·

401 3931 499 3985 missae
510 3926 782 4001 praesumanturln.
800 3937 840 3981 ιι.
1235 3920 1288 3983 rit,
1306 3937 1428 3974 sescum
1446 3917 1568 3992 possint?
1587 3919 1679 3972 Primo
1704 3929 1791 3973 autem
1819 3923 1888 3974 bene
1915 3922 2038 3976 attenden-
2064 3935 2071 3974 ι

366 4016 559 4084 Ηρφοηὼιημ,
571 4033 601 4068 η,
615 4023 656 4065 tt.
1236 4005 1308 4066 dum,
1327 4004 1372 4057 hic
1392 4023 1443 4057 ιιοιι
1463 4019 1519 4058 esse
1532 4021 1681 4058 sermonem
1697 4003 1730 4058 de
1744 4001 1825 4071 filiis,
1839 4007 1886 4076 qui
1901 4007 1981 4060 simul
1994 4007 2040 4059 hee-

370 4094 986 4172 Anfeutlosemelpsrsoeminamacllineam
1002 4092 1125 4162 aliquam
1141 4090 1187 4142 de·
1236 4089 1310 4142 redes
1328 4089 1412 4161 patris
1430 4087 1509 4153 iacti,
1528 4089 1592 4142 alius
1611 4091 1684 4141 euim
1705 4090 1808 4142 nullum
1830 4091 1959 4156 dubium,
1985 4091 2039 4161 quin

403 4187 510 4250 solato,
525 4185 594 4239 illust
605 4200 708 4252 semper
719 4181 748 4235 in
761 4181 821 4244 itta,
836 4199 893 4233 non
906 4190 1008 4236 attento
1024 4177 1143 4232 mascula
1157 4177 1187 4227 in
1236 4175 1434 4228 aseroratione
1454 4171 1562 4227 ascendi
1583 4182 1682 4225 essent.
1708 4171 1763 4226 Nec
1790 4173 1834 4225 hic
1861 4175 1995 4244 loquimur
2015 4172 2040 4222 le
2067 4183 2075 4221 s

405 4270 461 4322 alia
474 4269 547 4324 linea
562 4271 710 4335 existente,
726 4275 849 4331 maneat,
862 4285 889 4320 n.
906 4276 947 4317 ιι.
1239 4256 1316 4312 leudo
1335 4257 1524 4321 haereditario,
1543 4255 1606 4322 sei,
1627 4255 1666 4309 uti
1686 4257 1714 4309 in
1739 4259 1896 4326 quaestione
1926 4263 1977 4328 jam
2007 4259 2039 4308 ti-

370 4350 609 4427 Respondemus.
625 4367 667 4407 ts.
1238 4353 1318 4409 otum,
1336 4343 1370 4396 de
1389 4341 1467 4396 leudo
1486 4361 1517 4396 ex
1536 4353 1610 4414 pecto
1634 4351 1660 4395 et
1685 4343 1863 4412 providentis.
1896 4347 1953 4398 Hoc
1979 4359 2042 4414 pree·
2064 4354 2073 4392 s

369 4437 710 4516 D2·1„„m„705j2032·07195‚
726 4455 753 4490 n.
770 4451 811 4493 ιι,
931 4421 942 4442 ’
1239 4428 1335 4494 misso,
1349 4428 1467 4498 negando
1478 4429 1677 4498 respondemus,
1691 4445 1743 4481 nou
1756 4429 1876 4482 obstante
1890 4431 2039 4484 corrtmriun

371 4515 1187 4597 Anfoems'naamasculosemeieaclusa,sempercaclo·
1238 4513 1408 4568 sentientium
1426 4513 1570 4583 opinione,
1588 4513 1660 4564 inter
1678 4527 1743 4580 quos
1771 4510 1862 4566 ltlatth.
1892 4513 1927 4566 sle
1954 4513 2039 4567 Amin

406 4627 439 4666 ,a
451 4611 665 4680 mmmm?
678 4630 706 4666 η,
721 4623 762 4663 52,
1239 4593 1515 4668 deuteronomion.
1530 4611 1571 4650 ιι.
1586 4611 1629 4651 ιι.
1640 4597 1698 4652 Cat.
1709 4597 1742 4649 sle
1756 4597 1920 4670 Kirchbesg.
1936 4597 2038 4671 eleseu?

369 4697 568 4765 Respondetur·
582 4713 610 4747 n.
625 4705 669 4746 ιι.
682 4706 724 4746 ιι.
739 4703 780 4743 ιι.
1238 4701 1274 4735 ιιι
1281 4692 1352 4754 pact.
1367 4681 1504 4753 etprouisl.
1516 4699 1537 4733 a.
1553 4692 1576 4734 ι.
1590 4699 1618 4732 n·
1633 4695 1675 4734 ιι.
1688 4691 1715 4733 et
1725 4700 1798 4752 seqq.
1815 4683 1927 4752 ipseque
1941 4683 2039 4753 Carpoc-

371 4779 547 4852 llcl‘etluntur
558 4777 703 4834 contraria.
717 4792 741 4828 n.
756 4781 797 4827 ιι.
813 4785 855 4826 ιι.
873 4783 914 4824 ιι.
1240 4769 1296 4820 sius
1312 4785 1338 4838 p.
1354 4779 1377 4819 ι.
1390 4783 1412 4819 c.
1428 4776 1470 4817 ιι.
1482 4766 1537 4834 stef
1555 4775 1595 4817 tt.
1609 4766 1708 4821 Antan.
1721 4763 1839 4834 defend.
1867 4766 1939 4832 disp.
1961 4781 1995 4821 to.
2011 4765 2041 4815 tl.

372 4873 420 4922 Aa
433 4863 602 4938 possessione
614 4859 782 4930 uniusseucli
791 4857 965 4930 apprehensa
985 4854 1108 4908 omnium
1124 4867 1189 4923 pos·
1242 4850 1316 4906 t.tit.
1336 4851 1360 4904 b.
1378 4851 1423 4920 qui
1445 4867 1538 4904 omnes
1559 4849 1623 4902 licet
1641 4849 1669 4901 in
1689 4866 1763 4900 suam
1782 4849 1938 4919 opinionem
1970 4857 2041 4904 testu

410 4949 494 5004 sessio
507 4947 675 5018 apprehensa
686 4943 897 5017 praesumatur?
909 4961 937 4994 ιι.
952 4953 995 4993 ιι.
1241 4933 1292 4987 sibi
1313 4933 1477 4988 blandientes
1496 4931 1640 4995 autumus,
1661 4931 1729 4983 nihil
1751 4941 1838 4984 tamen
1862 4929 1971 4987 firmum
1994 4947 2039 4984 oes-

374 5036 569 5106 pegponpm,
584 5051 612 5086 n.
627 5041 670 5085 ις,
1241 5030 1346 5088 tumque
1359 5016 1456 5071 exinde
1471 5016 1531 5069 deci
1552 5018 1561 5068 i
1575 5025 1668 5086 potest.
1683 5016 1841 5085 Praecipuus
1853 5020 1969 5072 rationes
1981 5025 2040 5077 suot,
2066 5029 2083 5070 ιι

374 5125 531 5180 Lim-mm..
545 5139 573 5172 η,
586 5131 630 5173 ,0,
1240 5103 1310 5172 quod
1329 5100 1367 5171 (ι)
1384 5101 1435 5155 filii
1455 5109 1612 5170 agnatorum
1631 5099 1809 5170 appellatione
1827 5101 1954 5166 seuient,
1973 5105 1990 5155 l.
2008 5111 2039 5152 ιι,

379 5203 569 5276 Trampressio
590 5201 630 5260 acl
643 5197 895 5275 praesumptiones,
909 5213 982 5266 quaa
1000 5193 1073 5247 circa
1087 5190 1190 5246 cassat·
1232 5186 1272 5256 ff.
1285 5190 1318 5243 de
1333 5189 1387 5243 suis
1400 5199 1425 5242 et
1438 5187 1509 5258 legit.
1522 5183 1629 5240 isaaresl.
1642 5183 1711 5254 qumi
1731 5193 1819 5237 umen
1834 5185 1885 5250 iuri
1903 5186 1994 5240 feodali
2007 5185 2040 5236 sit

410 5283 994 5355 lrsmincasuamittendiseudioccssrrunt.
1014 5299 1040 5333 n.
1057 5291 1098 5332 ιι.
1240 5285 1445 5329 ιοιιιιιιιιιιιιιιιι
1463 5285 1514 5336 est,
1535 5269 1649 5340 t.s.tt.
1678 5281 1719 5322 ιι.
1747 5281 1789 5325 ιι.
1812 5279 1853 5324 ιι.
1876 5272 1930 5344 (ι.)
1955 5275 2038 5341 Urgent
2066 5263 2083 5304 ¹¹

376 5383 423 5432 An
441 5377 467 5430 si
483 5377 622 5432 vassallus
629 5373 771 5445 sellonioe
789 5368 949 5430 incusatur,
967 5366 1030 5419 siolo
1050 5363 1191 5434 idsecisse
1240 5371 1304 5422 teat.
1323 5361 1376 5432 ιβ
1390 5375 1413 5414 ι.
1426 5360 1472 5413 sed
1486 5360 1530 5413 hic
1544 5367 1632 5412 textus
1649 5355 1767 5427 loquitur
1786 5358 1821 5409 ‹le
1838 5357 1993 5414 alienatione
2004 5379 2038 5428 ps·

410 5465 615 5528 praesumatur,
630 5477 667 5512 an
682 5453 783 5524 culpa?
794 5471 821 5503 n.
837 5463 879 5504 ιι.
1242 5447 1290 5499 tris
1308 5448 1365 5499 sine
1385 5459 1514 5498 cososensu
1532 5439 1655 5506 domini,
1675 5439 1836 5510 Kirebberg.
1856 5441 1880 5494 si
1894 5443 1910 5498 1.
1926 5461 1953 5494 n.
1968 5455 2004 5496 ιι.
2021 5451 2042 5493 ιι

374 5550 572 5606 monam„
586 5561 611 5595 n,
628 5553 657 5595 ιι
1239 5547 1312 5602 seqq.
1331 5529 1485 5598 Negatisam
1507 5527 1569 5581 hinc
1593 5523 1766 5594 seqsseotibus
1790 5523 1939 5580 rationibus
1963 5525 2039 5578 deleo·
2070 5547 2085 5585 ,ι

375 5633 523 5687 lt'mitatur
535 5641 559 5681 et
572 5622 709 5700 quoruodo
730 5620 854 5676 limitatio
874 5619 943 5672 elidi
953 5615 1056 5686 possit,
1069 5615 1191 5682 slisputa·
1243 5615 1304 5670 dere
1322 5630 1459 5668 muamus:
1478 5612 1540 5684 quoia
1559 5611 1663 5679 injure
1685 5608 1780 5662 tentati
1801 5609 1852 5682 (t.)
1871 5611 1966 5665 nullibi
1986 5608 2040 5662 fluis
