4476 6274
385 171 437 241 ⁵95
947 168 1137 226 ntsrurtr.
1153 171 1228 226 Xlll.
1245 172 1362 230 CAPUT
1381 179 1415 232 V·
1914 177 1965 248 596

332 264 467 319 numerari
486 275 608 336 ροιιιιιιι,
626 266 737 321 omuino
763 274 825 320 eunt
847 267 1076 334 connumeranda,
1100 265 1147 322 dn.
1198 279 1285 322 autem
1303 271 1385 326 sidua
1402 272 1502 326 nobilis
1522 272 1657 330 marchio·
1675 282 1759 330 restes
1771 288 1874 346 qunque
1885 291 1945 328 suas
1954 292 2024 330 eou-

332 351 421 404 Praes.
439 363 473 405 tr.
488 351 521 404 de
532 366 641 404 success.
659 351 693 402 ul·
712 353 800 404 r'ntest.
814 368 871 422 cup.
886 365 910 404 ι.
935 362 989 404 nrt.
1015 365 1041 404 ι.
1059 353 1083 418 §-
1105 364 1146 404 tt.
1198 355 1268 408 lerre
1286 365 1423 420 teneatur,
1441 367 1485 410 aut
1502 376 1535 410 an
1554 359 1658 410 easdem
1674 357 1824 428 praecipuas
1836 357 1945 425 habeat,
1958 359 2016 412 dis-

328 435 399 506 quod
418 446 446 490 et
464 435 503 488 ita
521 433 550 487 lu
568 434 689 487 Marehie
703 435 837 490 observari
851 443 985 488 testantur
999 434 1146 505 Selteplite.
1198 439 1338 508 quiritur?
1356 439 1389 494 Et
1404 442 1525 511 quamvis
1545 441 1626 495 Kohl.
1639 442 1665 495 d.
1680 463 1724 512 qu.
1740 453 1764 493 ι.
1777 460 1805 494 ιι.
1818 453 1842 490 ι.
1867 443 2017 496 dissentire

328 538 356 587 p.
379 531 403 572 t.
420 518 461 571 tit.
481 527 506 568 ι.
524 525 547 580 ς.
571 529 593 568 1.
611 537 640 572 n.
662 529 702 573 to.
721 517 803 572 Kohl.
819 520 857 572 ud
879 519 905 572 d.
928 531 1015 573 const.
1042 521 1145 576 murcie
1197 524 1332 588 rideatur,
1349 525 1419 594 quod
1445 527 1540 579 nimir.
1564 525 1643 580 sidua
1666 525 1767 578 nobilis
1791 527 1945 580 uestimenta
1969 543 2018 578 ιιιι

328 625 372 676 qu.
386 617 411 657 1.
421 620 450 656 n.
464 615 488 656 1.
500 601 624 674 Κὸρριιι.
636 605 693 658 deu.
709 617 750 657 tn.
765 625 793 660 n.
806 617 847 658 11.
1198 609 1337 678 praecipua
1352 608 1448 661 habere
1462 627 1515 662 non
1529 609 1622 662 debeat
1634 631 1641 673 ς
1657 609 1807 664 eommunis
1820 618 1906 663 tamen
1920 609 2020 662 ddrum

366 687 532 742 Conlercude
550 708 614 745 reru
625 702 687 743 sunt
699 691 766 743 bona
778 691 918 762 utriusque
932 691 1070 760 conjugi„
1083 710 1145 745 nam
1198 693 1389 745 marchioorum
1408 693 1541 746 sententia
1554 703 1595 748 est
1606 693 1635 746 in
1647 693 1827 756 contrarium,
1840 707 1869 744 ee
1883 710 2019 763 uunquam

330 793 363 829 ex
382 777 446 830 solis
468 777 558 828 mariti
577 775 656 828 bonis
673 777 751 830 eidus
770 776 912 829 dimidiam
931 795 983 830 uon
1003 778 1083 847 capit,
1097 779 1145 830 sed
1197 777 1324 830 hacteuus
1343 779 1488 842 mundum,
1505 788 1678 840 ornamenta,
1695 787 1794 841 restes,
1812 777 1869 829 liuu
1886 796 1916 830 ac
1928 777 2017 828 lanum

328 861 386 933 ipsa
404 861 512 914 collatis
529 861 648 934 pmpriis
665 861 743 914 bonis
761 878 795 914 ex
813 863 946 916 communi
959 863 1065 914 demum
1080 879 1146 914 mas·
1198 860 1285 915 uiduis
1311 862 1442 915 nobilium
1464 875 1491 918 et
1520 875 1667 932 magnatum
1699 872 1786 931 erepta
1803 878 1860 913 esse
1880 870 2016 914 testantur

326 961 355 997 ιι
373 947 525 1014 portionem
544 946 616 1016 capit
634 948 812 1010 statutnrium,
832 945 917 1000 Kohl.
935 949 962 1002 d·
980 947 1000 998 l.
1029 966 1074 1018 qu.
1103 959 1145 1000 ts.
1199 945 1322 998 Pruelm.
1339 945 1768 1016 etcum.u.u.er.scheptiu.
1786 945 1864 997 urie.
1882 942 1942 1016 nfi,
1973 957 2015 996 tt.

330 1033 382 1085 Du.
402 1028 505 1085 Brunn.
519 1031 558 1084 ud
572 1033 590 1084 1.
611 1042 653 1086 tn.
672 1051 695 1086 e.
713 1031 747 1086 de
764 1034 858 1086 nullut.
877 1054 907 1088 ιι.
931 1045 970 1086 11.
990 1033 1063 1087 ldem
1075 1045 1144 1088 cent.
1194 1048 1221 1081 ιι.
1237 1044 1262 1084 ι.
1276 1029 1398 1102 Koppeu.
1409 1030 1500 1084 dmud.
1516 1042 1538 1081 1.
1551 1029 1651 1084 Enucl.
1667 1043 1690 1082 ι.
1703 1029 1756 1082 Du.
1775 1029 1924 1082 Bruunem.
1942 1041 2016 1084 cent.

329 1128 353 1167 ι.
371 1112 400 1167 d.
420 1126 461 1169 st.
480 1115 555 1167 Hine
571 1113 694 1170 eonl'erre
712 1124 815 1169 tenetur
833 1132 900 1168 uxor
911 1116 1000 1168 dotem
1018 1129 1043 1170 et
1060 1117 1141 1180 illata,
1197 1114 1260 1168 t.d.
1275 1125 1356 1168 ιιιι.
1371 1128 1394 1166 1.
1408 1114 1461 1166 Du.
1480 1117 1569 1168 Praes.
1588 1113 1615 1166 d.
1627 1125 1679 1166 nrt.
1693 1114 1751 1180 ις.
1771 1124 1812 1166 tt.
1826 1115 1907 1166 sicuti
1925 1126 1953 1168 nt
1966 1135 2017 1170 ro-

329 1198 375 1252 dn.
389 1200 479 1253 Ριιιι.
492 1211 527 1252 tr.
541 1199 574 1252 de
585 1215 698 1252 success.
708 1200 744 1252 ub
755 1201 846 1252 intest.
856 1216 879 1252 u.
894 1213 918 1252 s.
929 1210 985 1255 nrt.
1001 1213 1024 1252 ι.
1039 1207 1061 1262 ς.
1077 1211 1116 1252 ιι.
1194 1217 1319 1272 sponsum
1337 1200 1366 1252 in
1389 1197 1442 1252 leue
1454 1196 1595 1267 facultate
1615 1195 1702 1269 jurid.
1726 1199 1831 1250 murel.
1856 1198 1909 1250 den
1928 1211 1953 1250 ι.
1971 1217 2017 1254 ra-

367 1283 503 1354 seuquid
527 1282 551 1336 si
577 1283 625 1335 dos
646 1293 748 1334 tantum
766 1283 911 1353 promissa,
931 1284 1050 1336 nondum
1075 1302 1138 1337 reru
1189 1284 1393 1354 pleminunno
1410 1284 1571 1337 rumim
1587 1282 1775 1353 formalibus:
1803 1284 1863 1337 Der
1889 1285 2018 1340 Wittmen

326 1369 412 1422 soluta
431 1353 482 1434 sil,
500 1385 534 1420 ιιι
553 1376 582 1422 ιι
600 1377 664 1419 tuno
682 1367 763 1420 ridua
781 1383 838 1420 eam
856 1367 953 1420 offerre
971 1367 1067 1438 poterit
1092 1367 1142 1420 lton
1195 1366 1508 1423 Kler'dernndSulnnuclr
1520 1365 1684 1434 detreffend,
1697 1363 1763 1418 sind
1770 1383 1846 1421 emar
1854 1367 1927 1421 selle
1938 1379 2020 1420 sonet

326 1449 434 1516 ellectu,
458 1462 485 1504 ut
500 1449 534 1505 ad
553 1448 703 1520 portionem
721 1451 885 1504 statutariam
910 1449 1085 1504 admittatur?
1109 1453 1143 1504 Et
1190 1451 1311 1521 gleielur
1328 1452 1435 1505 Gestult
1446 1451 1474 1503 in
1486 1449 1610 1520 gemeine
1629 1451 1763 1516 Tdeilung
1774 1469 1808 1502 ιιι
1820 1449 1945 1520 dringen,
1962 1453 2015 1505 Ja-

326 1537 390 1588 liuet
409 1534 442 1588 de
458 1537 517 1604 jure
533 1536 610 1589 ciuili
629 1552 715 1598 uxor,
733 1553 800 1604 quae
818 1536 907 1590 dotem
925 1555 978 1590 nou
996 1537 1081 1602 dedit,
1094 1558 1143 1592 ιιιι
1193 1535 1319 1588 dennuelr
1331 1535 1400 1588 ader
1411 1531 1718 1602 irtdurclrbestuendige
1728 1533 2019 1588 Geuotntetratttisr

325 1622 466 1691 quicquam
489 1638 522 1672 ex
548 1621 627 1672 bunis
647 1621 737 1673 mariti
759 1623 891 1684 lueretur,
911 1639 973 1672 noo.
1000 1631 1022 1673 1.
1046 1642 1070 1675 e.
1093 1623 1141 1676 ule.

325 1704 399 1756 nuth.
410 1705 458 1757 sed
470 1723 542 1774 que
554 1703 630 1756 nulril.
643 1723 667 1755 e.
680 1705 712 1756 de
727 1713 798 1772 pact.
823 1715 946 1756 convent.
972 1705 1001 1754 ln
1019 1706 1142 1758 diarchia

326 1798 414 1841 lernen
434 1789 483 1842 ltoc
500 1806 562 1842 casu
589 1789 622 1841 ad
642 1791 793 1860 portionem
821 1789 983 1844 statutariam
1003 1789 1079 1840 uidua
1097 1788 1142 1840 ad·

323 1873 454 1937 mittitur,
474 1871 524 1937 ita,
543 1885 575 1926 nt
592 1873 640 1925 dos
659 1873 788 1942 promissa
807 1871 836 1921 iu
861 1870 1035 1938 computanda
1060 1869 1141 1922 dimi·

322 1955 368 2008 dia
386 1972 435 2024 pro
453 1957 524 2008 illnta
542 1958 684 2016 habeatur,
702 1963 729 2005 et
748 1952 828 2006 sidua
846 1963 945 2004 tantam
957 1953 1142 2020 quantitatem,

322 2052 449 2108 quantum
468 2039 538 2092 dotis
557 2037 824 2108 uomiuepromisit,
844 2033 935 2087 desua
956 2037 1076 2104 portmue
1089 2039 1142 2089 sibi

322 2123 433 2188 deduci,
452 2140 496 2174 sen
515 2121 544 2173 in
564 2120 706 2172 dimidiam
725 2117 852 2188 imputari
870 2121 1025 2187 permittere
1042 2120 1142 2186 debeat,

324 2207 467 2278 Selteplitz.
483 2206 521 2258 nd
538 2222 632 2258 consu.
659 2203 762 2256 marcu.
783 2223 811 2272 p.
838 2215 863 2256 t.
881 2206 922 2256 ut.
949 2213 974 2254 1.
992 2209 1014 2266 ς.
1035 2212 1101 2258 t.n.
1120 2217 1142 2257 t.

328 2289 410 2349 Kohl.
429 2289 470 2342 ud
479 2301 565 2343 const.
576 2288 682 2342 memd-
694 2307 722 2360 q.
737 2300 760 2340 ι.
772 2307 800 2339 n.
815 2288 907 2340 t.1)u.
925 2289 1017 2342 Praes.
1033 2285 1060 2339 d.
1078 2307 1139 2359 cup.

327 2387 381 2431 urs.
395 2388 420 2428 s.
437 2371 461 2446 ᾗ
483 2388 526 2427 ιι.
543 2372 590 2426 ubi
608 2381 637 2426 et
653 2373 677 2439 §.
699 2382 740 2429 ιι.
754 2373 862 2435 asserit,
876 2390 930 2424 nou
942 2373 1028 2426 dotem
1040 2383 1140 2426 tautum

330 2461 507 2529 promissam,
527 2458 574 2511 sed
593 2469 621 2510 et
636 2457 708 2510 dotis
725 2473 817 2508 usuras
835 2457 970 2524 legitimas
990 2457 1067 2514 uxori
1086 2473 1142 2508 soe-

324 2540 429 2594 oadenu
448 2539 618 2594 deducendas
634 2556 704 2602 esse,
722 2538 746 2592 ei
766 2539 795 2590 iu
812 2557 886 2592 mora
905 2537 988 2592 luerit
1006 2539 1143 2592 soluendae

323 2623 413 2688 dotia,
425 2643 494 2694 quiae
513 2625 570 2697 ipsa
589 2626 631 2677 rel
649 2641 697 2694 per
715 2624 957 2694 interpellationem
977 2624 1066 2677 mariti
1079 2642 1143 2678 mu·

324 2707 455 2775 trahitur,
475 2711 523 2770 ,rel
546 2710 692 2764 seeundum
715 2708 933 2762 consuetudinem
959 2709 1059 2760 march.
1084 2720 1144 2778 post

320 2791 420 2863 lapsum
440 2794 504 2846 anni
518 2801 544 2846 et
562 2791 617 2845 diei
634 2813 651 2845 a
670 2803 789 2863 tempore
807 2793 937 2845 contracti
956 2793 1142 2858 matrimonii,

321 2877 355 2930 de
373 2895 424 2948 qua
442 2889 556 2936 ωιιιιιιι.
575 2883 684 2931 testetur
704 2876 846 2946 Scheplits.
870 2875 934 2930 dict
956 2877 998 2930 tit·
1021 2887 1047 2928 t.
1068 2880 1093 2946 §.
1118 2889 1142 2932 t.

321 2981 396 3018 nurse.
412 2974 436 3016 t.

358 3047 432 3118 Quid
449 3049 474 3102 ai
491 3062 553 3103 rem
570 3049 648 3118 plane
666 3049 739 3102 nulla
757 3047 804 3100 dos
829 3064 914 3116 uque
935 3046 1030 3112 illata,
1054 3063 1141 3116 neque

325 3133 473 3202 promissa,
490 3150 524 3185 an
542 3145 630 3186 tamen
648 3132 681 3185 ad
700 3131 851 3202 pordouem
876 3131 1039 3186 statutariam
1065 3130 1142 3184 sidua

325 3212 509 3270 admittenda?
528 3211 635 3268 lllirm.
651 3217 721 3286 Quia
738 3214 897 3268 constitutio
914 3213 1077 3282 qeneraliter
1100 3213 1142 3265 di·

322 3301 429 3370 sponit¹
448 3310 474 3354 et
492 3300 634 3354 dimidiam
653 3301 801 3372 superstiti
822 3301 932 3366 tribuit,
950 3301 1044 3355 sivein
1063 3301 1142 3353 bouis

321 3383 387 3452 quid
406 3383 515 3449 habeat,
531 3385 601 3455 quod
619 3387 824 3438 communicare
847 3387 946 3456 possit,
972 3387 1028 3440 sire
1051 3387 1144 3451 nihil,

321 3485 369 3537 per
390 3483 512 3539 expressa
530 3465 609 3522 rerba
620 3478 707 3522 const.
716 3470 843 3539 provinc.
854 3487 921 3540 quae
934 3471 971 3522 ita
989 3489 1016 3522 se
1029 3471 1140 3525 habeut:

327 3551 520 3606 Welclresvon
533 3553 668 3605 Eleleuten
685 3551 849 3606 derandum
875 3553 936 3606 Yod
956 3555 1073 3619 erledet,
1091 3557 1137 3608 be·

322 3635 401 3691 ducit
412 3638 462 3692 dus
474 3638 557 3692 dalle
569 3638 640 3690 Gutls
650 3655 688 3692 un
704 3638 844 3708 liegenden
860 3637 1002 3704 Grr'inden,
1019 3640 1141 3710 filtren-

320 3719 371 3774 der
382 3721 479 3776 Huni:
497 3723 541 3776 Er
556 3721 626 3774 tute
636 3723 706 3775 euclr
722 3723 813 3792 menig
821 3721 889 3776 oder
901 3723 962 3789 viel,
975 3726 1045 3778 oder
1070 3729 1140 3780 nuri

322 3805 395 3860 wolrl
406 3805 683 3874 utetmemgetracte.
697 3806 751 3860 rid.
769 3808 911 3878 Selueplita.
926 3805 1006 3860 deu.
1031 3820 1054 3862 ι.
1077 3805 1102 3880 5.
1119 3824 1141 3862 1.

323 3887 405 3942 Kohl.
419 3889 459 3942 ud
474 3891 709 3960 consumentu.
724 3905 749 3945 s·
761 3909 788 3944 n.
803 3901 827 3942 t.

357 3973 498 4028 Caeterum
516 3991 570 4026 non
588 3974 677 4026 dotem
694 3991 762 4028 uxor
779 3976 881 4040 solum,
900 3973 947 4027 aed
964 3985 993 4028 et
1010 3975 1078 4029 bona
1098 3998 1142 4050 pa-

321 4057 489 4128 raphernalia
506 4058 562 4112 imo
579 4067 609 4111 et
625 4059 781 4130 receptitie,
807 4059 848 4113 rel
869 4059 1070 4129 qualiacumque
1087 4061 1142 4115 lue·

321 4143 392 4204 rint,
409 4158 476 4212 quae
490 4153 608 4212 tempore
626 4147 722 4196 mortis
739 4143 831 4196 mariti
843 4143 952 4206 hebuit,
971 4145 1093 4198 eorrlerre
1105 4161 1142 4200 te·

321 4237 412 4290 netur,
431 4225 477 4278 du.
496 4225 585 4279 Praea.
600 4223 629 4278 d.
648 4235 702 4280 ert.
721 4239 745 4278 ι.
764 4221 789 4296 ξ.
802 4238 842 4278 ιι.
854 4225 926 4278 conl.
940 4226 986 4279 du.
999 4227 1143 4282 Bruunem.

321 4319 389 4362 cent.
406 4321 431 4360 t.
442 4307 469 4361 d.
485 4319 528 4362 st.
546 4329 575 4364 n.
595 4322 620 4362 1.
638 4310 718 4362 Ratio
737 4311 766 4362 iu
784 4310 957 4378 generalitate
973 4313 1141 4366 constitutio·

321 4393 365 4445 nis
382 4407 487 4448 nostrae
504 4395 555 4448 sita
572 4403 620 4448 ιιι
638 4393 768 4448 Nutanter
785 4412 847 4448 reru
871 4393 986 4457 dictum,
1016 4413 1047 4449 ιι
1072 4395 1141 4449 bona

321 4479 426 4534 uideram
442 4480 561 4534 conferre
579 4481 692 4544 debere,
708 4496 777 4551 qnae
794 4488 911 4548 tempore
930 4478 1025 4532 mortis
1050 4481 1142 4532 mariti

319 4562 408 4629 babet,
428 4565 472 4619 hic
488 4568 562 4626 enim
579 4567 709 4622 terminus
725 4575 781 4628 eat,
801 4563 847 4616 ubi
864 4564 995 4616 successio
1013 4563 1140 4630 defertur,

317 4649 382 4703 hine
398 4651 423 4703 si
442 4662 635 4720 postmortem
654 4651 773 4720 conjugis
790 4649 869 4703 uidua
887 4647 940 4700 sibi
966 4665 1014 4717 per
1038 4659 1143 4701 eontra·

317 4746 407 4798 etum,
425 4735 467 4789 rel
486 4751 519 4792 ex
544 4735 707 4790 haereditate
731 4733 797 4805 quid
821 4731 1007 4800 acquisiverit,
1030 4732 1138 4784 etiamsi

318 4815 469 4871 haereditas
485 4821 539 4886 jam
557 4828 634 4871 autea
650 4819 683 4872 als
701 4820 825 4873 intestato
835 4825 908 4868 nerto
921 4825 1090 4885 speraretur,
1104 4824 1146 4869 at-

320 4911 409 4954 tamen
426 4901 456 4953 id
471 4902 593 4956 conferre
610 4903 689 4958 vidua
707 4887 820 4957 minime
831 4909 949 4965 tenetur,
965 4898 1045 4953 Koltl.
1058 4901 1104 4954 ad.
1114 4901 1143 4955 d.

319 4996 406 5038 const.
419 5005 464 5056 qu.
477 5001 502 5040 ι.
515 5005 545 5039 n.
558 4997 599 5040 ta.
609 5007 680 5058 seqq.
695 4989 748 5041 Du.
763 4988 851 5039 Praes.
864 4987 892 5038 d.
904 4991 926 5047 5.
941 4995 981 5036 tr.

355 5067 386 5120 ld
402 5087 506 5140 quoque
522 5083 622 5127 eertum
640 5082 696 5138 eat,
712 5073 819 5126 viduam
837 5068 915 5122 ainerti
929 5067 1064 5122 adomnia
1078 5085 1142 5120 oon·

320 5149 429 5205 ferenda
445 5153 557 5207 mobilia
576 5165 695 5221 tenetur,
713 5155 750 5207 ita
768 5162 795 5206 et
812 5153 963 5206 uestimenta
982 5169 1028 5204 aua
1040 5149 1143 5204 conier-

319 5253 350 5288 re
367 5237 465 5290 debere
482 5239 663 5309 mundumque
680 5255 758 5291 suum
777 5236 953 5301 muliebrem,
964 5235 1064 5306 quippe
1075 5253 1142 5303 quae

319 5323 411 5375 omnia
430 5325 539 5376 nomine
556 5323 686 5377 hortorum
706 5322 846 5377 mobilium
866 5321 989 5384 ueniunt,
1003 5333 1082 5390 atque
1093 5321 1142 5372 sub

321 5424 383 5461 soce
391 5405 554 5477 salrrnder
565 5409 677 5470 Huube,
690 5408 875 5469 eontinentur,
900 5405 980 5460 ΚοΙιι
999 5405 1024 5459 d.
1049 5426 1093 5474 qn.
1117 5417 1142 5457 ι.

321 5508 397 5544 num
411 5505 436 5543 ι.
450 5491 626 5570 scheptinp.
638 5505 663 5543 s.
674 5489 716 5542 ιιι.
727 5501 750 5540 e.
762 5491 788 5556 ς,
802 5501 841 5542 ιι.
854 5508 881 5542 ιι.
897 5501 920 5540 ι.
935 5499 998 5541 ιιι.
1017 5491 1139 5544 Ριιιιιι.

252 5602 281 5644 ιι
323 5575 374 5632 sul
393 5589 499 5631 nouus.
513 5586 612 5648 atqu.
627 5580 787 5648 t.lloppen.
808 5595 836 5645 p.
865 5576 926 5630 t.d.
945 5585 1026 5628 tt.n.
1047 5593 1071 5633 s.
1100 5577 1139 5627 ιιι

1193 1617 1220 1670 in
1236 1617 1286 1670 der
1299 1619 1396 1672 Murci
1414 1618 1601 1687 eingffudret,
1627 1617 1687 1668 duas
1710 1614 1862 1670 Adeliclten
1889 1619 2017 1672 thsraa

1193 1701 1252 1754 ilrre
1266 1703 1394 1762 Kler'der‚
1410 1699 1574 1754 Gesclmuclr
1599 1701 1657 1753 und
1682 1699 1848 1754 Kleinotlien
1869 1701 1994 1772 gelassen
2006 1740 2017 1768 ,

1192 1783 1251 1836 ...ι
1262 1783 1290 1834 ι’..
1298 1769 1419 1849 gemetu.
1438 1781 1574 1852 merua,
1584 1783 1660 1835 ..ιιι
1669 1784 1798 1852 ,eumen
1813 1784 1927 1848 ιιιιιι,
1941 1797 1969 1837 ιι
1982 1789 2018 1840 ιιι

1191 1866 1395 1935 pronunciatum
1412 1883 1517 1934 quoque
1535 1867 1569 1916 ab
1588 1866 1644 1918 ead.
1666 1867 1754 1919 lacult.
1767 1866 1793 1919 d.
1813 1879 1853 1920 te.
1865 1872 2013 1924 novembr.

1192 1969 1238 2002 un.
1254 1963 1331 2002 ιιιι.
1344 1950 1387 2001 his
1407 1951 1510 2002 serbis:
1524 1951 1588 2003 Und
1599 1951 1721 2019 berenger
1734 1967 1763 2004 es
1774 1949 1820 2004 die
1836 1951 2014 2028 Ersultrung,

1183 2035 1257 2086 -duss
1270 2031 1419 2086 Adetr'clun
1437 2034 1614 2088 ll'ittwendt'e
1638 2038 1843 2108 Murgengube,
1867 2039 2012 2104 Selrmuel,

1195 2119 1306 2172 Klerider
1317 2119 1375 2170 und
1385 2135 1441 2172 mus
1452 2117 1492 2170 sie
1502 2121 1670 2172 zuerrrutlu
1682 2139 1717 2172 an
1730 2123 1816 2175 ιἸιιιιιι
1829 2124 1911 2178 nette
1919 2137 2014 2192 retro·

1190 2221 1256 2270 gen.
1270 2219 1380 2256 wennes
1391 2203 1627 2274 mt'tselmneseigen
1650 2205 1757 2260 Wertlrs
1769 2217 1868 2260 toruus
1877 2209 2017 2277 gelassen,

1194 2287 1252 2338 und
1263 2285 1339 2339 niclrt
1350 2285 1379 2338 in
1394 2286 1537 2341 dimidium
1548 2290 1688 2355 portionis
1694 2293 1858 2346 statuten'ue
1869 2295 2015 2361 germinet

1191 2373 1315 2438 werden,
1334 2371 1380 2426 ubi
1400 2375 1468 2428 bene
1485 2375 1683 2428 obseruandum
1702 2390 1757 2440 est,
1777 2389 2016 2448 temperamentum

1194 2453 1278 2520 illud,
1296 2473 1375 2509 menn
1388 2474 1418 2510 es
1428 2458 1663 2531 nutrimuessigen
1680 2463 1800 2526 Wertlu,
1810 2481 1864 2516 non
1878 2465 2016 2534 negligen-

1193 2538 1257 2590 dum
1277 2557 1351 2602 eese3
1370 2543 1477 2607 saepius
1496 2543 1569 2596 euim
1589 2544 1705 2596 nimium
1729 2558 1859 2616 quantum
1884 2551 2014 2618 pecuniae

1196 2621 1241 2672 his
1258 2625 1421 2678 ornamentis
1440 2626 1623 2694 impenditur,
1637 2626 1703 2680 adeo
1715 2630 1823 2682 utdotis
1836 2632 2014 2700 quantitatem

1194 2709 1342 2774 excedant,
1358 2727 1412 2778 quo
1429 2729 1490 2764 easu
1509 2711 1604 2764 durum
1629 2712 1719 2778 loret,
1744 2715 1836 2768 omnia
1860 2717 2014 2772 collationis

1194 2793 1270 2846 oneri
1290 2796 1422 2847 eximere:
1439 2807 1603 2866 quapropter
1621 2815 1674 2852 uon
1687 2798 1884 2852 excludendum
1902 2801 1956 2854 erit
1972 2803 2013 2868 ju·

1194 2875 1264 2930 dicis
1280 2879 1424 2934 arbitrium
1439 2918 1448 2946 ,
1463 2893 1590 2949 qnantum
1610 2897 1828 2938 ornamentorum
1846 2886 1956 2940 nomine
1976 2889 2014 2941 ri-

1194 2960 1261 3016 duae
1279 2963 1365 3046 nobili
1383 2965 1500 3034 relinqui
1517 2965 1627 3031 debeat,
1645 2969 1716 3038 qnod
1738 2971 2016 3038 indedijudieandusn

1194 3057 1334 3116 putamus,
1365 3059 1393 3102 ut
1416 3061 1517 3103 tanturn
1541 3052 1657 3105 retineat
1680 3055 1870 3124 praecipuum,
1887 3067 2013 3125 quantum

1193 3148 1241 3195 pro
1252 3130 1405 3184 conditione
1426 3131 1575 3187 nobilitatis
1593 3145 1622 3187 et
1639 3133 1772 3204 dignitate
1784 3137 1905 3192 deluouti
1919 3141 2013 3194 mariti

1193 3209 1319 3266 sulficere
1337 3214 1454 3282 poterit,
1472 3233 1524 3285 quo
1542 3235 1570 3270 se
1590 3217 1697 3274 honeste
1713 3231 1739 3274 et
1757 3219 1839 3291 digne
1856 3225 1886 3276 iu
1903 3224 2012 3294 publius

1193 3299 1323 3350 exhibere
1341 3299 1432 3368 possit.

1231 3383 1298 3435 Cum
1317 3401 1379 3435 sero
1397 3383 1491 3437 uiduae
1509 3384 1538 3436 in
1557 3387 1681 3456 portione
1694 3389 2011 3460 statutariasuecedeutl,

1191 3464 1334 3518 seeundum
1352 3478 1438 3519 coust.
1465 3469 1568 3521 mareu.
1594 3467 1709 3522 dimidia
1731 3474 1853 3524 omnium
1878 3473 2010 3527 bonorum

1192 3561 1342 3620 competat,
1361 3551 1425 3604 hinc
1436 3563 1555 3619 certum,
1568 3553 1637 3623 quud
1651 3555 1761 3608 maritus
1773 3557 1802 3609 iu
1816 3559 2012 3628 praejudicium

1192 3638 1285 3689 uxoris
1300 3638 1437 3706 pecuniam
1456 3650 1502 3691 aut
1522 3640 1595 3692 bona
1610 3641 1703 3692 omnia
1720 3641 1898 3695 haereditaria
1916 3643 1945 3694 in
1958 3642 2014 3696 ιιι»

1191 3718 1254 3770 dum
1272 3735 1425 3773 conuertere
1444 3740 1497 3774 uon
1516 3727 1622 3794 possit,
1642 3741 1676 3776 ne
1694 3723 1732 3776 ita
1751 3724 1920 3780 defraudetur
1935 3743 2012 3791 uxor,

1191 3805 1263 3870 quod
1281 3804 1389 3872 liquido
1401 3822 1433 3857 ea
1445 3805 1534 3858 uerbis
1551 3817 1639 3859 const.
1652 3808 1757 3862 morule.
1770 3820 1895 3880 apparet,
1911 3811 2012 3865 dicitur

1193 3888 1270 3938 enim
1289 3889 1336 3939 ilii.
1355 3892 1394 3941 So
1408 3890 1462 3940 soll
1474 3891 1544 3943 uuele
1557 3891 1620 3944 lein
1634 3894 1726 3946 Noun
1736 3894 1811 3949 aeine
1834 3896 2013 3950 Est-Gutta

1194 3969 1262 4026 oder
1275 3970 1346 4025 Geld
1354 3991 1386 4025 ιιι
1399 3974 1475 4027 lekn
1486 3975 1733 4038 machumeriam
1751 3977 1845 4032 Weide
1867 3981 1924 4034 und
1940 3981 2011 4034 Toe-

1190 4059 1283 4110 ctum
1295 4075 1356 4111 suas
1375 4059 1524 4131 Vuffcnge.
1549 4059 1603 4114 uid.
1629 4060 1772 4132 Seheplitz.
1783 4081 1846 4133 pur.
1861 4075 1886 4116 t.
1909 4062 1951 4116 tit.
1977 4075 2003 4118 ².

1193 4143 1216 4208 ς
1232 4152 1264 4193 ιι

1227 4227 1326 4280 Utrum
1357 4244 1419 4281 rero
1449 4225 1559 4281 maritus
1588 4225 1657 4279 bona
1673 4239 1814 4285 constante
1838 4231 2015 4285 matrimonio

1191 4308 1324 4378 acquisita
1344 4311 1404 4361 siue
1422 4327 1551 4362 consensu
1570 4311 1663 4363 uxoris
1680 4313 1817 4376 alienare,
1834 4323 1880 4366 aut
1896 4331 1932 4365 au
1944 4330 2014 4368 uxor

1191 4393 1284 4444 statim
1303 4393 1349 4446 illa
1366 4391 1452 4462 quoad
1470 4402 1574 4461 partem
1586 4411 1660 4446 suam
1672 4395 1807 4450 uindicare
1819 4396 1919 4465 possit,
1930 4415 2014 4464 quau-

1193 4471 1279 4527 rituri
1296 4477 1331 4528 Et
1347 4475 1465 4546 quamuis
1483 4491 1552 4528 uxor
1568 4491 1603 4527 ea
1625 4487 1713 4530 ιιιιιιι
1739 4480 1840 4532 mua
1865 4479 2013 4532 succedens

1193 4563 1221 4612 in
1229 4560 1351 4630 portione
1363 4571 1505 4613 statutarra
1519 4561 1660 4612 dimidiam
1672 4563 1796 4616 omniurn
1804 4565 1935 4617 bonorum
1949 4581 2014 4618 cun·

1191 4654 1332 4712 sequatur,
1358 4653 1386 4696 ut
1410 4643 1449 4695 ita
1471 4641 1498 4694 ei
1522 4643 1552 4695 in
1579 4643 1657 4696 bonis
1681 4655 1817 4699 mustaute
1842 4646 2016 4698 matrimonio

1194 4726 1335 4796 acquisitis
1354 4727 1446 4778 atatim
1463 4727 1572 4797 aliquod
1590 4729 1632 4796 jus
1648 4742 1797 4798 competere
1815 4729 1955 4794 rideatur;
1969 4743 2010 4782 at·

1195 4821 1282 4864 tamen
1299 4827 1360 4862 cum
1372 4809 1450 4863 riduu
1471 4828 1525 4862 non
1543 4813 1663 4881 praecise
1679 4829 1712 4864 ea
1736 4813 1833 4877 bouis,
1855 4829 1921 4885 quae
1948 4831 2010 4866 cou-

1193 4904 1278 4947 stuute
1295 4893 1467 4946 matrimonio
1486 4893 1596 4946 maritus
1610 4893 1720 4956 habuit,
1738 4893 1784 4945 sed
1802 4910 1837 4946 ex
1855 4895 1891 4948 iis
1908 4895 2012 4966 praeui-

1195 4995 1259 5046 pue,
1279 4993 1346 5045 quae
1362 4987 1482 5046 tempore
1495 4978 1590 5028 mortis
1604 4976 1693 5031 mariti
1707 4979 1819 5042 adsunt,
1831 4981 1938 5034 eollatis
1950 4997 2012 5050 pro-

1193 5061 1261 5130 priis
1278 5057 1374 5124 bonis,
1394 5059 1545 5128 portionem
1563 5061 1654 5130 capiat
1667 5063 1844 5129 statutariam,
1862 5065 1928 5116 hine
1941 5081 2010 5116 uxo·

1194 5159 1253 5195 rem
1277 5142 1465 5196 alienationem
1493 5146 1621 5197 bonorum
1646 5157 1785 5200 constante
1811 5151 2010 5214 matrimonio,

1193 5225 1354 5298 praeprimis
1372 5227 1396 5278 si
1415 5227 1541 5280 alienatio
1559 5228 1607 5280 ille
1621 5231 1719 5281 marito
1732 5233 1861 5302 uxorique
1874 5235 2011 5304 expediat,

1195 5309 1328 5382 impedire
1345 5330 1399 5364 nou
1417 5331 1509 5382 ροιιι,
1528 5313 1612 5366 multo
1632 5313 1800 5369 minuerem
1818 5318 1873 5388 ipsi
1892 5319 2012 5373 sindica·

1194 5397 1294 5449 tiouem
1312 5396 1372 5450 riso
1390 5399 1487 5450 marito
1515 5411 1661 5466 competere
1679 5413 1793 5456 statuunt
1819 5404 1962 5474 Scheplita.
1987 5407 2012 5458 d.

1194 5492 1214 5534 t.
1235 5492 1260 5534 ι.
1273 5489 1296 5544 ς.
1314 5493 1357 5534 et.
1375 5503 1405 5534 ιι.
1424 5492 1449 5533 t.
1469 5496 1493 5534 ι.
1513 5482 1691 5537 Pruclmauu.
1706 5489 1759 5540 rol.
1781 5499 1803 5540 1.
1821 5501 1908 5544 const.
1927 5501 1970 5542 ts.
1984 5511 2004 5544 ιι

1196 5577 1238 5622 ιι.
1252 5564 1314 5620 ticet
1332 5565 1381 5632 id,
1400 5563 1468 5636 quod
1489 5581 1558 5618 uuus
1575 5567 1716 5638 conjugum
1735 5571 1768 5626 de
1785 5573 2013 5632 bouiscemtauta
2032 5585 2062 5630 ιι
