4394 6290
392 199 441 272 195
949 145 1141 248 ntsenrtr.
1161 191 1207 248 rr.
1226 193 1341 252 curor
1360 197 1381 252 r.
1680 200 1684 209 ·
1924 197 1978 272 ms

337 317 386 356 oue
412 295 584 354 determinata
610 309 661 346 non
686 285 878 360 adstringimur
900 287 1055 354 (necessitas
1078 290 1155 360 quip·
1204 307 1282 359 quum
1303 291 1427 345 damnum
1447 291 1615 366 provenire)
1632 288 1737 346 Tertia:
1756 289 1779 343 si
1797 288 1918 346 rideatur
1934 301 1963 347 et
1982 293 2030 350 boi

340 384 608 456 904215b0m20m
639 377 756 431 excludis
780 387 808 428 er
830 373 958 444 obligatio
980 372 1156 427 determinas·
1206 391 1268 426 num
1289 385 1316 428 et
1335 377 1431 430 rnatum
1450 395 1508 433 esse
1525 379 1678 446 inaequale,
1698 393 1757 440 uec,
1776 377 1865 430 minus
1884 378 2029 447 insequaiis

339 471 420 524 solam
439 467 621 522 executionem
650 463 738 533 egenti
762 457 908 531 relinquit)
933 458 959 510 id
987 457 1155 512 frrndrrmcnti
1208 475 1297 514 rernm
1316 459 1434 516 eiticscia
1453 479 1495 516 res
1513 463 1552 516 ita
1572 461 1680 514 demum
1706 459 1826 529 eligenda
1844 473 1898 528 est,
1918 463 1940 514 si
1968 459 2029 514 etti-

337 557 395 608 loro
414 551 587 623 supponitur.
607 547 723 619 nequid
743 545 903 616 suscipiatur
927 561 959 596 ea
984 563 1035 615 quo
1061 546 1154 598 morsii
1207 547 1294 601 corice
1311 548 1409 602 bonum
1430 555 1514 604 ma'or
1532 549 1568 602 sit
1585 551 1678 602 collatu
1698 545 1831 602 efficaciae
1855 547 1889 600 ad
1914 549 2031 612 malum,

338 637 522 690 aestimatione
540 633 576 702 (i.
599 653 623 686 e.
649 633 676 686 iu
700 641 827 703 quantum
853 631 966 682 humant
990 628 1158 698 providentia
1207 650 1285 702 quam
1305 632 1392 704 ipsum
1413 635 1511 688 mulum
1531 646 1571 688 est
1588 635 1683 688 colim
1703 634 1771 684 bono
1789 631 1833 703 (i,
1852 649 1877 684 e,
1895 629 1918 683 si
1945 648 2035 686 exces-

338 719 410 772 ioter
429 721 529 772 incestu
548 735 654 772 ossuum
679 725 706 768 et
730 713 812 769 futuri
838 723 948 766 eventus
971 711 1158 766 obscuritatem
1208 734 1253 770 sus
1271 718 1333 770 mali
1354 719 1441 772 minor
1458 720 1496 772 sit
1513 737 1591 789 quarn
1609 717 1725 770 facilitas
1743 734 1795 785 quc
1814 714 1912 766 bonruu
1941 731 2036 784 prove.

338 819 477 874 penetrare
502 804 608 875 potest)
632 801 798 854 tantumdem
819 797 880 851 mii
906 807 985 868 ²⁸th
1012 797 1090 860 b⁰⁰5r
1113 806 1158 848 ³¹¹2
1208 803 1381 874 uirepotest)
1400 815 1445 857 aut
1463 805 1486 858 si
1507 805 1606 858 bonurn
1625 798 2036 868 sitmsjuscornparationema·

337 889 417 942 eliam
432 890 491 960 plns
510 889 575 941 maii
593 905 671 958 qutttt
691 886 754 938 boui
772 884 874 940 videtur
889 884 1030 936 oriturum.
1043 882 1157 935 Tettium
1209 889 1245 954 li¹
1264 907 1340 958 quam
1352 890 1471 947 efficacia
1489 892 1521 945 nd
1541 893 1638 946 mlum
1651 898 1801 960 compunt·
1818 887 1979 950 edbertum,
1992 889 2005 958 (
2017 888 2037 940 ἰ,-

338 976 411 1027 enim
430 975 464 1027 de
481 977 606 1045 cujusque
630 976 669 1026 rei
693 971 815 1026 bonitate
833 969 953 1036 decedit,
970 981 1095 1040 quantum
1114 969 1159 1024 illa
1208 987 1231 1024 e.
1249 970 1272 1023 si
1292 969 1429 1036 efficacia,
1447 993 1496 1046 qua
1516 976 1612 1028 mulum
1632 989 1695 1046 prae
1709 973 1779 1027 bono
1792 973 1933 1043 provenire
1944 981 2034 1039 potest

340 1061 403 1112 mali
425 1059 504 1113 habet
521 1061 694 1128 adjunctum,
712 1055 828 1126 adeoque
846 1055 920 1107 exuit
938 1055 1065 1106 rationem
1086 1053 1158 1118 boni,
1209 1059 1298 1114 minor
1315 1059 1351 1112 sit
1369 1075 1448 1129 quum
1466 1073 1587 1110 excessus
1600 1057 1662 1110 boni
1677 1071 1739 1126 prae
1752 1057 1837 1123 malo,
1851 1055 1912 1107 edd.
1929 1051 2037 1108 Puden·

310 1161 313 1168 ·
339 1145 361 1196 si
383 1145 490 1216 aequale
509 1141 591 1197 fuerit
608 1142 716 1194 malum.
736 1137 803 1192 ddd.
826 1137 946 1190 Prrii'end.
965 1137 998 1190 dc
1012 1136 1034 1206 1⁸.
1056 1148 1159 1206 metg.
1207 1143 1276 1198 dori,
1296 1142 1320 1197 d,
1340 1142 1358 1195 1,
1380 1155 1403 1196 tr
1421 1159 1444 1196 c.
1467 1155 1490 1195 n.
1508 1143 1532 1210 ς.
1553 1153 1577 1195 r.
1596 1140 1625 1195 in
1638 1139 1697 1212 fin.

339 1229 386 1283 lid.
409 1243 431 1282 t.
450 1248 510 1298 cop.
533 1241 554 1282 t.
574 1233 595 1291 ς.
615 1238 639 1278 t.
658 1225 730 1278 Hinc
748 1221 861 1278 Grotius
878 1221 911 1276 de
925 1221 1158 1292 jureuupdtt.
1244 1229 1297 1282 Sed
1321 1228 1459 1298 quaeritur
1483 1228 1543 1293 hic,
1565 1245 1654 1282 ennon
1677 1226 1709 1278 in
1735 1225 1826 1280 dubiis
1849 1225 1970 1296 ossibus,
1988 1229 2036 1282 ubi
2080 1238 2109 1280 tt

344 1325 366 1366 t.
384 1332 446 1383 cop.
468 1322 510 1366 ts.
528 1317 549 1375 5.
570 1323 595 1364 ι.
612 1309 659 1362 bus
678 1319 732 1362 tres
751 1305 858 1360 deducit
876 1307 991 1376 regulas:
1010 1307 1098 1376 print·
1109 1315 1159 1370 etit
1209 1315 1298 1368 nullus
1315 1325 1356 1368 est
1369 1313 1522 1385 prudentiae
1534 1315 1664 1368 hnmanae
1677 1314 1764 1378 lorus,
1778 1312 1910 1383 quodnam
1925 1331 1957 1366 ex
1971 1314 2037 1370 duo-

341 1400 362 1452 si
384 1416 441 1464 res,
460 1397 492 1451 de
509 1415 558 1466 qua
578 1396 677 1464 agitur,
694 1394 836 1464 aequalem,
857 1393 948 1446 morali
963 1392 1160 1454 aestimetione,
1209 1401 1259 1452 trus
1278 1397 1439 1470 sequendum
1459 1399 1512 1465 sit,
1532 1401 1597 1454 soiti
1618 1417 1661 1453 res
1684 1399 1821 1453 committi
1845 1397 1954 1470 possit?
1974 1401 2038 1456 Lato

340 1479 489 1536 efficacism
509 1481 607 1534 habere
625 1479 743 1534 vitientur
760 1477 793 1530 cd
811 1477 908 1530 bonum
927 1485 955 1529 et
972 1475 1005 1528 sd
1019 1477 1116 1529 malum
1130 1475 1159 1544 (i.
1217 1479 1966 1553 dn,mammam.1,5isu0713,10‚ffd37.d,n
1996 1493 2037 1538 η,

339 1585 364 1620 e.
382 1567 405 1620 si
424 1567 532 1638 aequale
549 1565 627 1619 focile
645 1565 882 1633 damnum,quam
896 1556 1000 1614 lucrum
1013 1577 1046 1613 ex
1058 1578 1088 1614 ea
1101 1576 1161 1613 ere·
1212 1586 1286 1641 seqq.
1305 1567 1375 1624 coni.
1394 1569 1473 1624 Grot.
1492 1569 1537 1623 lib.
1559 1580 1583 1622 2.
1601 1587 1659 1637 cop.
1683 1580 1726 1622 ts.
1750 1576 1770 1632 ς.
1798 1581 1822 1622 t.
1843 1586 1917 1642 seqq.
1943 1569 2035 1623 sortis
2077 1603 2113 1642 g,

340 1649 400 1704 nire
418 1650 523 1722 possit)
541 1649 579 1704 ita
599 1650 706 1702 demum
725 1656 767 1700 est
789 1646 927 1716 eligenda,
948 1646 972 1701 ti
991 1647 1088 1699 bonum
1113 1647 1162 1698 ¹¹3·
1212 1666 1299 1708 autem
1319 1651 1402 1708 affine
1419 1655 1483 1724 quid
1503 1665 1544 1708 cst
1561 1665 1694 1708 certarnen
1713 1657 1860 1724 singulare,
1880 1658 1954 1724 cujus
1973 1672 2037 1710 usus

338 1735 443 1805 quando
461 1736 520 1804 plus
538 1733 632 1788 hubert
647 1732 724 1798 boni,
736 1749 813 1802 quam
834 1733 931 1784 maium
950 1731 1012 1784 mali
1032 1729 1076 1802 (i.
1096 1747 1120 1784 e·
1138 1729 1161 1783 ti
1212 1757 1264 1793 non
1284 1739 1391 1792 ridetur
1407 1738 1727 1809 omniuorepudiandus,
1740 1739 1761 1791 si
1773 1739 1838 1804 duo,
1850 1759 1960 1811 qnorum
1975 1759 2040 1795 cou-

281 1845 284 1850 ·
340 1820 443 1871 lurtum
464 1820 540 1888 longe
560 1819 644 1884 majus
663 1814 779 1868 suffitum
798 1825 853 1879 0¹¹3
874 1815 918 1868 ubi
940 1831 982 1868 Μ
1008 1833 1163 1886 νῐῠψθῐῠῐῠ
1214 1823 1358 1877 troversiae
1377 1822 1479 1894 alioqui
1500 1833 1565 1878 totos
1584 1825 1695 1895 populos
1712 1825 1879 1893 grauissimis
1898 1827 1975 1880 malis
2002 1829 2040 1882 sit

340 1905 463 1960 habitura
481 1905 519 1958 sit
536 1913 677 1969 eventurn,
695 1920 773 1972 quam
793 1901 918 1954 damnum
938 1901 985 1954 ubi
1011 1918 1084 1956 secus
1107 1903 1163 1954 alea
1215 1907 1408 1976 impliciturue,
1422 1908 1493 1961 iuter
1504 1925 1531 1960 se
1544 1908 1628 1980 parati
1644 1911 1699 1960 sint
1713 1911 1795 1962 armis
1807 1910 1956 1965 decernere.
1971 1911 2039 1964 ddd.

339 1990 473 2044 ceciderit.
494 1990 539 2046 Sic
559 1988 730 2043 temerarium
748 2005 801 2040 nou
820 1986 918 2051 fuerit,
937 1987 1026 2040 desem
1045 1987 1165 2060 periculo
1214 1993 1293 2046 Grot.
1312 1994 1338 2044 d.
1351 1994 1369 2045 i.
1385 2003 1409 2043 2.
1422 2011 1444 2046 c.
1460 2003 1505 2044 tt·
1523 1999 1545 2056 ς.
1569 2003 1609 2046 to.
1629 1993 1701 2044 idem
1722 1993 1767 2046 lib.
1789 2004 1813 2045 2.
1832 2013 1892 2061 cap.
1911 2005 1933 2046 t.
1952 2002 1975 2057 ς.
2000 2007 2040 2046 ts.

339 2091 488 2146 exponere,
507 2074 530 2127 si
549 2085 653 2128 ceolum
674 2073 707 2128 sit
731 2075 892 2135 lucraturus,
912 2073 958 2126 ubi
982 2091 1040 2128 sors
1066 2073 1165 2128 facerit.
1215 2075 1338 2128 Godelm.
1352 2079 1386 2130 dr
1399 2095 1469 2146 mog.
1483 2088 1510 2130 st
1525 2077 1640 2146 vcorfin.
1655 2076 1700 2129 tit.
1722 2091 1748 2128 t.
1764 2095 1787 2131 c.
1803 2086 1826 2129 t.
1840 2084 1862 2142 t.
1880 2088 1919 2133 ts.
1934 2079 1969 2130 id.
1987 2076 2043 2130 Bo-

341 2160 431 2212 Altera
449 2169 505 2212 cst:
524 2159 548 2210 si
567 2157 686 2211 rideatur
703 2174 761 2210 esse
778 2157 887 2226 aequale
907 2158 1004 2210 bonum
1025 2168 1050 2210 ct
1066 2160 1165 2211 mulum
1215 2179 1270 2216 cer.
1282 2163 1314 2216 de
1328 2161 1387 2216 teti.
1402 2174 1429 2216 et
1440 2163 1520 2217 ducti.
1534 2163 1553 2215 f.
1568 2173 1593 2215 t.
1603 2180 1652 2232 per
1663 2171 1712 2215 tot.
1725 2158 1799 2216 finis.

338 2243 408 2314 quod
426 2262 441 2295 a
460 2259 498 2307 re,
516 2241 549 2296 de
568 2261 618 2312 quc
637 2241 784 2312 quaeritur,
803 2242 886 2312 possit
898 2242 1052 2312 procedere,
1064 2244 1101 2295 ita
1117 2244 1163 2296 ‹le-

341 2343 413 2378 mum
432 2343 461 2378 ea
479 2341 521 2378 res
540 2325 659 2394 eligenda
674 2335 727 2391 est,
741 2323 896 2380 siciliensis
910 2326 941 2380 ad
957 2327 1065 2391 bonum,
1085 2345 1163 2396 quom

343 2409 375 2464 ad
390 2411 486 2464 molum
501 2410 585 2481 major
605 2408 642 2465 sit
660 2409 702 2482 (i.
720 2427 745 2464 e.
762 2411 786 2465 ai
799 2410 905 2466 facilius
919 2413 972 2478 sit,
986 2412 1090 2466 lucrum
1105 2412 1169 2465 inde
1464 2415 1543 2474 §Old
1562 2413 1634 2469 utto
1653 2411 1797 2470 (stouttt.

901 2670 1232 2745 ntsntJTnTto
1262 2668 1489 2761 QUARTA

534 2879 637 2992 uu
692 2878 1230 2996 nunuuuutotttt
1283 2883 1386 2993 att
1437 2879 1798 3004 eruuntur

891 3123 945 3168 nt!
969 3123 1052 3169 xvii.
1077 3123 1191 3170 ttttt'm
1217 3123 1299 3169 tutto
1323 3123 1485 3166 stncuxx.

984 3305 1074 3342 etto
1112 3301 1384 3343 ttcnnrta

718 3435 982 3508 totenttttts
1007 3439 1221 3509 IIOl’PlUS.
1246 3435 1645 3508 PtJTLtzt-tttttttett.

908 3640 1467 3688 -ψ-

989 3817 1395 3912 eaAnquuruu.

350 3987 586 4166 Religiosus
609 4075 666 4142 ille
691 4098 796 4142 nexus
819 4083 884 4154 est,
907 4097 976 4167 quo
999 4097 1058 4142 sua
1083 4099 1365 4168 unumquemque
1388 4075 1583 4142 obstrictum
1608 4085 1701 4142 tenet
1720 4071 1863 4142 functio.
1897 4070 2040 4143 Etenim

348 4169 551 4236 sanctissima
577 4165 796 4256 jurisjurandi
821 4163 981 4256 religione
1004 4167 1297 4258 coustringuntur,
1321 4179 1490 4258 quotquot
1514 4165 1645 4256 publica
1669 4167 1818 4234 subeunt
1832 4165 1974 4248 munia,
2006 4174 2044 4228 ct

348 4259 497 4336 humeris
520 4255 647 4348 imponi
673 4257 849 4346 patiuntur
869 4255 989 4323 officia.
1016 4255 1202 4348 Eapropter
1228 4279 1291 4322 non
1318 4259 1352 4323 iu
1377 4263 1542 4348 cujusque
1565 4258 1665 4324 situm
1705 4260 1845 4324 arbitrio
1869 4269 1936 4338 est,
1966 4277 2039 4348 qua

351 4354 478 4416 ratione
502 4345 641 4439 defungi
667 4371 728 4414 suo
752 4347 831 4414 velit
855 4343 983 4428 officio,
1008 4345 1065 4414 sed
1090 4360 1128 4414 ut
1152 4346 1340 4414 fidelissime
1357 4347 1392 4412 id
1408 4347 1631 4438 expediat,ad
1652 4347 1686 4412 id
1706 4349 1918 4439 compellitur
1946 4369 2040 4412 nexu

349 4441 408 4506 illo
431 4439 490 4506 reli
518 4439 597 4506 ioso:
624 4439 722 4508 nulla
745 4439 836 4504 enim
859 4439 957 4504 vitae
975 4462 1081 4530 pars,
1105 4461 1211 4528 neque
1232 4437 1379 4527 publicis
1405 4461 1508 4531 neque
1528 4439 1680 4531 privatis
1702 4461 1809 4527 nequa
1834 4434 2040 4528 forensibus

350 4556 456 4624 neque
477 4462 673 4597 diruuntur
694 4533 733 4594 in
755 4529 877 4611 rebus,
902 4554 1009 4622 neque
1031 4534 1062 4599 ss'
1085 4547 1193 4596 tecum
1216 4553 1303 4619 agas
1326 4529 1428 4621 quid,
1452 4555 1559 4620 oeque
1584 4535 1615 4596 sr'
1640 4553 1718 4595 cum
1748 4529 1863 4596 altero
1898 4544 2042 4597 coutra-

350 4622 429 4707 tzar,
446 4643 568 4688 uocare
591 4620 706 4713 officio
724 4637 853 4712 potest:
877 4621 948 4688 Cio.
972 4621 1049 4688 libr.
1079 4648 1108 4688 r.
1132 4621 1224 4712 offic.
1251 4619 1298 4687 In
1321 4645 1427 4712 eoque
1442 4621 1632 4688 recolendo
1654 4621 1722 4687 stra
1745 4639 1795 4687 est
1818 4623 1905 4690 vitae
1930 4619 2041 4686 irone-

351 4731 426 4780 rtor
448 4715 557 4780 omnis
582 4727 613 4778 et
636 4715 674 4778 r‘u
699 4711 903 4804 negligendo
926 4713 1116 4802 turpitudo.
1141 4713 1164 4778 f.
1189 4713 1244 4778 61.
1271 4711 1301 4800 ξ.
1328 4713 1358 4777 5.
1384 4713 1430 4802 ff.
1459 4710 1501 4778 sie
1521 4713 1611 4796 furt.
1647 4711 1753 4776 Sicuti
1783 4735 1861 4804 crgo
1888 4711 2039 4777 officium

352 4804 486 4870 honeste
507 4801 719 4894 expeditum,
743 4805 939 4870 damnosum
963 4804 1094 4870 nemini
1116 4827 1183 4870 esse
1206 4803 1348 4892 cupiunt
1373 4807 1463 4892 jura,
1486 4803 1530 4866 ita
1544 4818 1676 4894 quoque
1708 4815 1840 4890 turpem
1861 4799 1959 4867 officii
1978 4825 2040 4866 ne-

350 4894 494 4986 glectum
518 4916 585 4959 nou
610 4895 818 4984 impunitum
842 4893 1034 4987 relinquere
1058 4895 1254 4974 voluerunt,
1279 4905 1315 4958 ut
1340 4893 1535 4959 damnosum
1564 4893 1716 4982 publicae
1755 4893 1802 4958 rei
1832 4905 1932 4969 esset,
1961 4889 2040 4957 offi-

349 4987 438 5052 cium
463 4983 690 5076 negligenter,
715 4985 781 5050 imo
805 4984 927 5074 perfide
951 4985 1231 5052 administratum.
1259 4985 1317 5050 Est
1339 4985 1431 5050 onim
1454 5007 1489 5048 ea
1516 4984 1644 5074 saepius
1670 4983 1858 5050 mortalium
1891 4981 2039 5062 indoles,

351 5097 390 5142 ut
412 5101 507 5155 suae,
532 5098 597 5138 non
624 5075 774 5166 publicae
798 5075 954 5163 utilitatis
976 5101 1069 5142 cause
1095 5099 1126 5142 se
1149 5073 1288 5166 defungi
1313 5073 1420 5142 officio
1442 5071 1594 5156 credant,
1618 5075 1764 5164 satisque
1791 5075 1927 5163 publico
1956 5096 2039 5139 cou-

350 5169 475 5236 sultum
500 5165 716 5244 existiment,
739 5164 766 5233 si
791 5165 857 5230 sibi
880 5167 1038 5254 privatim
1063 5167 1148 5231 bene
1170 5165 1228 5247 sit,
1252 5167 1538 5256 amplissimosque
1567 5187 1737 5256 perversae
1775 5163 2040 5232 administratio-

351 5263 404 5328 nis
428 5259 575 5327 sentiant
599 5257 735 5324 fructus.
759 5253 953 5346 Coryplraeo
977 5256 1093 5345 itaque
1116 5279 1200 5345 opus
1223 5270 1294 5338 cst,
1319 5259 1378 5346 qui
1406 5257 1617 5346 publicarum
1647 5255 1857 5320 functionum
1888 5279 2041 5321 excessus

351 5353 501 5443 exploret
525 5349 648 5438 pariter
671 5371 708 5412 ac
729 5345 911 5436 expendet,
935 5357 968 5412 et
993 5331 1145 5412 fraudem
1175 5346 1262 5411 hono
1301 5345 1416 5412 factam
1450 5346 1597 5434 publico,
1628 5348 1767 5438 corrigat
1799 5347 1835 5411 in
1865 5359 2040 5434 tempore,

352 5467 394 5509 ne
418 5442 576 5508 damnum
602 5437 681 5503 inde
704 5439 825 5501 sentiat
845 5437 960 5502 civitas
984 5437 1152 5503 universe.
1177 5435 1278 5523 Quod
1301 5436 1326 5500 si
1353 5441 1417 5529 jam
1443 5437 1654 5504 immemores
1677 5437 1821 5526 religiosi
1843 5459 1948 5503 nexus
1978 5435 2041 5502 de-

351 5533 504 5625 prehensi
533 5529 658 5596 fuerint
674 5526 977 5606 administratores,
994 5550 1061 5593 nou
1079 5527 1156 5616 ipsis
1172 5525 1304 5592 diutius
1320 5527 1355 5593 iu
1371 5553 1406 5594 re
1421 5528 1564 5593 civitatis
1584 5529 1750 5618 grassandi
1777 5527 1911 5595 facultas
1942 5549 2041 5617 prae·

352 5623 488 5711 stando,
512 5621 569 5692 sed
594 5621 645 5690 rel
669 5619 712 5684 ab
734 5617 842 5684 officio
865 5617 1053 5686 reruorendi
1080 5617 1232 5709 penitus,
1256 5618 1282 5686 si
1308 5617 1541 5688 fraudulentae
1569 5617 1865 5688 sdmirristrntiouis
1894 5618 2041 5686 ootrricti
