4402 6284
195 285 234 341 ra
571 273 620 333 uc
639 271 988 336 ratacrrutsnaans
1008 273 1413 352 supermontem.
1746 275 1781 340 st

153 388 217 460 piam
235 391 337 436 temere
354 375 413 449 cogi
431 372 566 448 potestad
580 392 653 428 suam
667 391 724 426 rem
743 371 966 442 ruadendamper
1016 374 1084 446 gulis
1106 373 1260 442 regionibus
1285 371 1395 442 imperii
1414 385 1516 423 roman·
1535 383 1651 438 german.
1675 366 1786 440 propria
1805 365 1841 424 tit
1879 377 1909 422 tt

154 467 308 528 linuitum.
327 484 351 519 c.
369 465 405 520 dr
428 471 515 518 contr.
533 471 613 528 empt.
637 470 664 514 rt
688 459 786 514 vendit.
808 457 900 530 ilique
918 459 964 512 dn.
1015 459 1158 528 aliqnando
1175 469 1255 530 atque
1273 467 1419 528 perpetua.
1438 455 1506 509 uelit
1524 455 1603 510 Deus.
1824 447 1827 456 ’

36 579 42 590 ·
154 555 291 614 Brnnnem.
309 553 340 606 in
358 567 457 604 comm.
472 548 517 600 dn.
539 548 646 600 Praeter
664 546 694 600 ln
714 555 840 600 annotat.
854 544 964 599 udinst.
1051 547 1124 602 llaec
1142 556 1219 611 aunt,
1237 544 1364 598 benevole
1381 544 1478 606 lector,
1492 557 1559 610 qnae
1577 539 1646 594 mibi
1663 539 1698 594 dc
1714 539 1764 594 bac
1775 557 1843 596 utu·

102 671 127 713 n
154 638 254 704 alis,
273 636 322 706 qui
336 634 382 690 rui
398 635 448 688 vel
464 631 636 702 ulienijnrr'r
652 631 768 696 rrrnt,§.
784 629 966 684 audenda:
1017 631 1080 683 teria
1099 631 1211 684 dicenda
1231 631 1259 682 in
1279 637 1396 682 mentem
1414 643 1520 680 uenere.
1534 627 1575 678 Tu
1593 625 1706 679 iuterim
1725 626 1843 696 benigne

154 735 181 782 at
192 721 306 792 pretinm
320 719 450 774 dominis.
464 720 570 788 Quanto
585 717 675 768 minus
693 712 825 784 cogeaadus
837 724 878 767 est
890 718 967 784 quis,
1018 715 1147 768 humanae
1167 713 1362 768 imbecillitatis
1381 713 1552 774 aestimator,
1565 709 1704 764 conatibus
1717 711 1787 764 meis
1799 710 1849 766 l'a·,

153 818 235 864 auant
258 805 292 860 de
314 805 448 874 religione
473 801 624 874 perinvitus
651 797 787 863 discedat,
815 799 968 868 alienaeque
1018 812 1102 862 re,et
1120 799 1143 850 si
1164 797 1232 852 iorte
1249 797 1278 849 in
1296 795 1456 866 quibusdam
1474 795 1650 848 hallucinatus
1663 793 1840 860 inermum·

154 909 218 947 mant
237 891 428 961 urgentissime
450 903 510 940 cum
536 883 714 940 conscientiae
737 883 858 954 scrupulo
884 879 967 935 fidem
1019 883 1093 936 muni
1113 883 1252 936 homiuum
1281 881 1423 950 fragilitati
1448 881 1583 946 condona,
1601 889 1628 933 et
1654 878 1682 930 id
1706 881 1840 937 humanae

100 1013 123 1056 Π
156 977 291 1048 mancipet.
1018 967 1183 1020 conditionis
1202 966 1403 1037 imperfectioni
1422 963 1559 1029 adscribe,
1579 982 1673 1034 meque
1691 969 1837 1036 aequitatis

185 1061 269 1130 igitur
287 1069 372 1114 cesset
387 1055 478 1110 omnis
496 1051 701 1124 intempestivus
718 1050 808 1115 seins,
826 1068 905 1121 quem
922 1069 967 1106 re·
1018 1063 1045 1105 et
1058 1051 1259 1106 benevolentiae
1277 1062 1335 1104 tuae
1354 1051 1429 1104 lauce
1439 1061 1530 1104 contra
1543 1052 1653 1118 maligni
1666 1053 1759 1106 livoris
1772 1054 1838 1109 den·

99 1183 123 1227 n
153 1142 256 1212 ligionia
275 1157 337 1210 erga
355 1140 426 1195 intra
445 1137 598 1212 praecordia
623 1135 750 1189 hacteuus
770 1133 861 1187 locent
880 1135 968 1206 ponti·
1018 1146 1073 1188 tem
1093 1133 1220 1199 desendet
1240 1147 1267 1190 ut
1284 1137 1333 1189 hoc
1352 1153 1440 1188 uicum
1454 1137 1642 1206 qualecumque
1659 1137 1762 1206 ingenii
1780 1159 1839 1196 mo.

154 1224 212 1282 teti.
228 1224 358 1280 Extincto
376 1241 452 1279 sacro
469 1225 517 1278 illc
535 1233 562 1276 et
581 1222 642 1292 plur
654 1237 734 1292 qnam
753 1221 923 1275 interneciuo
939 1239 968 1272 o·
1018 1229 1175 1274 numentum
1194 1220 1219 1273 si
1238 1237 1291 1273 non
1310 1236 1372 1285 suo,
1391 1222 1485 1274 saltem
1499 1232 1556 1275 tuae
1565 1219 1734 1276 aunarium
1754 1223 1842 1282 fulcro

152 1312 209 1377 dio,
226 1329 280 1384 qun
302 1313 498 1367 alterutrarum
525 1310 647 1362 disertae
672 1305 815 1374 religionis
836 1305 966 1358 cultorem
1017 1315 1086 1360 stare
1103 1315 1190 1374 queat.
1209 1305 1273 1357 Tibi
1293 1315 1396 1369 autem,
1415 1321 1519 1358 tumme
1537 1305 1685 1377 Deus,pro
1702 1313 1837 1366 coarmata

97 1431 122 1474 η
153 1397 240 1450 cattam
259 1397 385 1462 latenter,
404 1397 428 1449 ui
448 1396 541 1448 minus
564 1401 673 1464 aperte,
693 1391 856 1456 insectatur,
873 1391 967 1445 elaad
1017 1388 1151 1459 bucusque
1162 1388 1196 1460 ad
1210 1387 1295 1442 studia
1313 1405 1370 1442 mea
1388 1389 1528 1444 clementer
1546 1389 1649 1460 ingenii
1667 1395 1838 1468 corporisque

152 1479 289 1535 arctiorem
308 1479 477 1534 concordiam
502 1473 762 1532 sternutamentum
787 1473 859 1528 inter
877 1493 904 1529 se
922 1495 967 1529 au·
1018 1472 1135 1536 uiribus.
1153 1484 1274 1527 aeternat
1292 1475 1414 1544 persolvo
1438 1485 1537 1543 grates:
1556 1485 1584 1530 et
1599 1485 1634 1530 nt
1654 1477 1835 1548 imposteru-

96 1611 122 1652 ω
154 1575 272 1634 mannae
288 1563 467 1620 molestiori·
485 1571 620 1618 consortes
639 1569 758 1614 mutuam
778 1560 966 1627 tolerantiam,
1017 1569 1058 1611 tna
1078 1559 1163 1627 gratia
1185 1575 1290 1630 semper
1313 1559 1383 1612 mibi
1408 1559 1502 1614 adesse
1524 1561 1592 1623 uelit
1617 1564 1786 1636 supplicibus
1814 1577 1841 1624 te

153 1661 178 1704 et
194 1650 350 1704 iraternitrr
368 1651 437 1706 intur
456 1667 485 1704 se
502 1649 659 1718 conspirent
676 1663 707 1699 ac
718 1646 822 1711 virantt
835 1657 863 1700 et
881 1645 967 1701 sicla-
1018 1641 1132 1716 imploro
1147 1645 1281 1716 precibus.

153 1743 234 1789 msset
250 1730 421 1804 diffidentia,
442 1735 585 1792 reririscet
601 1729 758 1786 concordia:
775 1748 843 1804 quae
861 1741 890 1787 ut
906 1732 964 1786 ain»
1337 1733 1359 1786 p
1378 1733 1390 1786 l
1409 1732 1433 1790 N
1452 1734 1465 1786 l
1484 1735 1513 1791 s.

608 1913 610 1918 '
687 1997 1021 2078 mst‘ttua‘rto
1049 1995 1299 2076 SECUNDA

458 2159 583 2314 ou
644 2197 958 2316 uanas
1025 2197 1529 2354 aasentias

640 2406 775 2480 Voti
808 2387 1088 2478 unsrun
1114 2372 1346 2475 nnana.

686 2604 741 2646 Dlll
765 2600 896 2646 AUGUST·
921 2599 1018 2644 uolut
1040 2599 1304 2648 anteneutttttttts

787 2767 877 2804 ΗΟ
915 2765 1188 2806 ΗΒΒΝΗΔ

629 2899 1346 2972 ERNEsTnsattctts.

712 3089 1275 3168 W

733 3281 1239 3398 PRAEFATUIO.

142 3407 206 3538 N
206 3491 251 3536 on
287 3469 488 3540 rusticanam
513 3467 570 3538 aad
599 3467 817 3563 principalem
841 3466 877 3533 in
900 3490 974 3557 rep.
998 3474 1115 3533 curam
1135 3489 1206 3533 esse
1233 3465 1372 3550 debere,
1397 3491 1441 3536 ne
1470 3468 1542 3563 agri
1572 3469 1701 3540 cultura
1733 3473 1836 3546 desti-

142 3575 303 3641 tuantur,
327 3563 443 3654 sicque
468 3562 557 3628 inter
579 3563 723 3630 desertos
753 3571 1057 3642 connumerentur,
1082 3580 1181 3624 nemo
1212 3581 1280 3624 non
1313 3584 1444 3628 mecum
1476 3579 1638 3630 assertum
1662 3565 1748 3651 ibit,
1771 3573 1835 3662 qui

140 3649 252 3742 (quod
282 3671 392 3720 tamen
417 3651 525 3718 dubio
547 3677 657 3720 carere
680 3651 834 3719 audacter
857 3650 985 3738 astruo)
1008 3648 1246 3740 agriculturam
1270 3647 1364 3718 basin
1388 3653 1488 3720 totius
1505 3653 1589 3746 reip.
1603 3679 1678 3734 ¹esse
1701 3655 1837 3730 latetur.

140 3741 252 3832 liujus
278 3744 371 3810 enirn
395 3741 555 3810 beneficio
578 3743 744 3810 aerarium
769 3765 837 3808 non
861 3738 968 3808 solum
993 3756 1156 3830 augetur,
1180 3737 1293 3806 sedet
1323 3754 1454 3810 tantum
1479 3767 1546 3810 nou
1571 3747 1755 3816 sustinetur
1779 3775 1840 3842 pe-

139 3834 246 3901 nitus.
273 3834 367 3902 llaec
390 3834 545 3925 plurimis
568 3835 773 3925 privatorum
797 3832 978 3900 necessaria
1003 3831 1092 3903 ritae
1114 3829 1286 3914 subsidia,
1302 3831 1370 3899 imo
1393 3835 1505 3902 multis
1527 3835 1627 3904 etiam
1650 3861 1768 3908 suares
1783 3843 1838 3911 di-

141 3924 259 4006 vitias,
291 3925 495 4016 suppeditat.
520 3925 609 3991 iiiuc
631 3925 728 3991 cedro
757 3923 900 4014 dignum
928 3919 1118 3990 Cassiodori
1139 3921 1290 3989 'dicturus
1319 3948 1464 4010 aurum,
1492 3925 1623 4020 inquit,
1649 3953 1715 4020 per
1743 3930 1838 4006 betta

139 4037 312 4104 quaerere
336 4017 451 4104 uffae,
470 4039 540 4106 per·
566 4020 678 4082 morin
693 4013 937 4108 periculosum,
953 4039 1022 4105 per·
1020 4013 1211 4102 falsitates
1236 4015 1558 4111 opprobrium,.per
1579 4023 1838 4110 agriculturam

137 4123 252 4175 autem
287 4107 421 4173 licitum
452 4122 517 4173 est.
542 4105 616 4173 lmo
643 4106 722 4173 huic
753 4107 858 4175 vitam
882 4117 1045 4186 nostram,
1067 4117 1238 4198 quotquot
1267 4131 1399 4190 sumus,
1427 4107 1607 4198 debemnsq
1632 4112 1721 4181 nihil
1745 4117 1836 4186 enim

138 4199 243 4266 mavis
269 4197 316 4265 ad
340 4196 467 4264 rictum
491 4195 730 4277 necessarium,
753 4215 786 4263 et
809 4219 876 4290 quo
900 4197 1015 4265 minus
1037 4219 1147 4264 carere
1170 4195 1353 4288 possimus,
1369 4199 1538 4267 frumento
1560 4226 1647 4288 esse,
1671 4228 1773 4298 quem
1788 4207 1838 4276 la·

138 4253 209 4354 tetl
229 4287 339 4356 Unde
363 4288 539 4380 pleraeque
562 4311 646 4378 resp.
672 4287 825 4355 maximis
849 4285 1067 4354 incommodis
1090 4285 1261 4370 laborant,
1283 4289 1413 4381 quibus
1435 4290 1649 4362 inclementia
1674 4295 1779 4383 coeli,
1802 4313 1838 4367 et

137 4379 305 4446 sterilitas
327 4396 453 4464 terrac,
477 4379 715 4470 agriculturam
738 4391 833 4445 etex
857 4401 895 4444 ea
919 4377 1170 4468 provenientem
1202 4377 1373 4448 fructuum
1405 4384 1669 4474 perceptionem,
1692 4384 1839 4480 denega·

138 4470 199 4534 rit:
224 4469 390 4562 quamvis
412 4468 503 4536 enim
528 4471 609 4560 ipsis
632 4469 843 4538 haecomnia
868 4467 1030 4536 beneficio
1053 4469 1191 4536 narium
1206 4482 1239 4536 et
1254 4495 1416 4540 curruum
1433 4471 1543 4540 afferri
1567 4477 1714 4566 possint,
1731 4481 1838 4549 multa

137 4568 251 4627 tamen
277 4559 447 4627 obstacula
474 4562 606 4650 saepius
630 4561 880 4640 interveniunt,
897 4583 1000 4652 qnae,
1016 4583 1086 4650 quo
1109 4561 1225 4626 minus
1247 4560 1308 4630 ltoc
1331 4563 1463 4632 effectui
1486 4563 1559 4632 dari
1583 4569 1704 4658 possit,
1728 4569 1838 4663 impe-

136 4647 248 4717 diunt.
275 4649 388 4718 Taceo
411 4651 509 4718 maris
540 4651 701 4740 pericula3
725 4668 814 4717 taceo
850 4649 1040 4716 sterilitates
1063 4651 1155 4719 illius
1176 4651 1258 4737 loci,
1283 4679 1323 4721 ex
1347 4677 1417 4748 quo
1447 4655 1527 4746 ipsis
1549 4655 1629 4726 haec
1651 4659 1838 4752 afferenda3

137 4739 226 4808 solae
251 4741 339 4809 hetti
363 4753 573 4831 tempestates
589 4741 682 4808 hasce
699 4743 833 4808 miseras
855 4738 993 4807 reddare
1017 4755 1165 4830 possunt.
1189 4741 1238 4810 Ne
1261 4745 1366 4838 igilur
1397 4763 1430 4814 et
1451 4749 1520 4815 loca
1543 4745 1669 4817 fertilia
1692 4762 1727 4818 et
1749 4753 1839 4824 cultu

136 4853 177 4895 nc
202 4832 351 4924 ligantia
379 4834 548 4898 cultorum
575 4831 697 4898 sterilia
727 4831 823 4915 fiant,
846 4853 915 4896 non
940 4843 1072 4898 tantum
1095 4833 1175 4900 olim
1198 4837 1323 4904 cereris
1360 4836 1570 4928 prohibitum
1594 4836 1662 4908 luit
1684 4839 1840 4934 legibus,

135 4855 201 4988 secl
215 4937 253 4990 et
278 4921 395 4991 ubivis
417 4922 563 4990 locorum
586 4921 742 5013 speciales
763 4920 1017 4989 constitutiones
1046 4921 1192 5015 desuper
1221 4925 1306 4993 latae
1328 4945 1415 4995 sunt.
1439 4929 1505 4997 Nec
1538 4927 1663 4998 mirum
1688 4951 1757 5016 est,
1781 4935 1841 5005 has

135 5009 247 5105 leges,
272 5012 355 5080 licet
378 5011 421 5079 ad
444 5011 594 5080 eamdem
612 5024 732 5078 anetam
758 5009 947 5094 tendentes,
971 5013 1008 5078 in
1031 5014 1149 5080 multis
1171 5013 1378 5108 discrepare,
1401 5019 1472 5086 imo
1494 5019 1592 5088 toties
1614 5023 1747 5114 quoties
1769 5029 1837 5118 jarn

136 5113 210 5169 tum
237 5115 390 5172 mutatas
411 5127 499 5183 esse,
524 5115 555 5170 ct
581 5103 688 5171 indies
711 5101 820 5172 adhuc
843 5102 962 5171 mutari
974 5127 988 5191 3
1005 5102 1042 5170 in
1067 5105 1155 5173 hisce
1178 5107 1269 5173 eninr
1294 5108 1415 5194 rebus,
1431 5129 1532 5201 prout
1555 5111 1592 5178 in
1615 5113 1774 5184 omnibus
1790 5117 1842 5185 le-

137 5193 244 5283 gibus
269 5193 448 5276 civilibus,
472 5191 507 5259 id
525 5193 708 5351 praecipue
731 5192 970 5284 spectandum,
994 5206 1033 5260 ut
1057 5195 1224 5288 quomodo
1247 5199 1473 5288 pedicalcens,
1498 5205 1544 5270 sic
1567 5205 1710 5295 tempori
1735 5217 1767 5272 et
1791 5199 1841 5276 lo'·
1901 5207 1917 5225 '

138 5306 193 5366 co,
218 5305 374 5378 qnorum
397 5285 501 5376 gratia
550 5296 628 5367 unt,
643 5283 885 5388 quadrent,·et
908 5289 1127 5374 conveniant3
1149 5287 1278 5381 alioqui
1302 5289 1371 5357 iliis
1395 5291 1483 5360 idern
1507 5317 1571 5362 usu
1595 5295 1723 5376 ueniet,
1747 5299 1840 5390 quod

137 5398 155 5440 a
179 5375 367 5446 Demetrio
389 5387 480 5440 tanta
503 5389 576 5443 arte
598 5373 775 5442 aedificatis
798 5376 956 5467 navigiis,
981 5397 1068 5468 quae
1089 5389 1224 5447 cutmios
1246 5380 1280 5446 in
1296 5383 1351 5448 sui
1367 5381 1620 5452 admirationem
1643 5385 1838 5476 rapiebant,

137 5483 280 5557 aspectu
307 5463 444 5556 quidem
477 5465 647 5557 pulchris,
670 5477 837 5533 caeterum
869 5465 910 5532 ad
941 5467 1186 5559 navigationem
1211 5471 1408 5540 inutilibus:
1458 5498 1520 5543 uae
1548 5485 1628 5543 sunt
1653 5475 1753 5545 verba
1776 5477 1839 5548 ho·

180 5557 267 5624 itali·
289 5553 326 5620 in
349 5555 499 5622 oratione
521 5555 563 5623 ad
586 5557 752 5647 delegatos
775 5556 906 5624 Galliae
928 5557 1018 5648 apud
1048 5557 1186 5626 Thoan.
1209 5561 1271 5628 lib.
1297 5563 1350 5629 28.
1373 5568 1411 5631 in
1421 5497 1495 5656 jin.
1512 5567 1562 5634 nd
1585 5591 1714 5636 annum
1736 5569 1835 5638 1562.

138 5580 231 5714 x(lum
261 5663 375 5712 nutem
398 5645 484 5739 qnid
506 5648 590 5714 circa
616 5671 708 5741 agros
730 5647 874 5715 desertos
898 5659 1013 5716 notatu
1037 5647 1180 5742 dignum
1203 5667 1367 5738 occurrat,
1392 5657 1518 5763 quidve
1540 5657 1724 5728 secundum
1750 5661 1837 5753 leget

140 5755 175 5805 ct
196 5735 466 5884 mnsqtupioqeq
490 5741 731 5883 ppmemnims,
757 5750 926 5832 tamquam
957 5743 1093 5832 patrias,
1122 5755 1155 5812 et
1184 5743 1218 5811 ei
1249 5759 1474 5818 conterminae
1497 5747 1662 5821 Manubiae
1684 5751 1837 5840 obtinet,

317 5843 348 5899 ry
367 5847 387 5883 rr
434 5848 472 5885 e.
540 5868 547 5883 .
1515 5853 1530 5898 t
