4476 6274
260 301 312 356 ιιι
673 300 721 353 or
737 299 866 357 ricus
886 299 1148 358 uttttsrtronuu
1168 297 1415 358 ιιιιιτιιιιιυι.
1788 293 1839 348 ito

207 402 281 456 nisui
300 400 424 467 inerunt,
444 417 504 454 narn
523 409 548 453 et
568 397 734 455 Postbumins
764 396 851 452 lilium
876 401 941 454 alias
966 417 1026 454 san·
1074 409 1131 461 cet,
1152 407 1177 450 ut
1196 398 1339 450 solemnem
1354 399 1435 451 aciem
1455 389 1888 464 topettmrosmooiaotteoom-

205 499 273 540 ntum
292 503 322 540 ac
340 485 454 546 iortern,
479 482 543 555 quia
562 501 614 536 non
634 481 814 552 patrisiussu,
828 485 873 537 sed
887 503 932 540 sus
945 503 1024 556 spon-
1076 480 1143 533 mitti
1164 482 1261 544 soleat,
1279 481 1342 532 dors
1366 482 1406 534 sr'e
1427 481 1487 534 rtem
1512 478 1616 532 Feinde
1634 482 1683 530 nar't
1708 479 1814 532 lrter'neu
1834 479 1893 532 und

138 548 142 564 Ι
206 581 232 624 ιι
250 569 387 642 praesidio
407 584 560 638 progressos
581 565 670 618 hostes
686 564 810 633 luderet,
828 567 955 622 rictorem
983 588 1023 621 se.
1073 565 1195 616 starcken
1218 552 1373 633 Pnrtire'yen
1388 565 1459 618 uncis
1472 562 1659 632 ursegttsntstr
1670 563 1800 616 Astraei
1813 565 1890 627 tisun,

208 653 267 709 euri
286 651 365 706 ieriri
384 651 477 722 jussit,
501 651 587 704 Valer.
605 652 677 702 ilias.
698 648 715 700 i.
732 660 755 702 ι.
773 667 797 702 c.
813 661 837 700 ι.
856 670 883 703 η.
905 661 929 702 ι.
950 653 1023 704 Puri·
1068 647 1168 718 jedeon
1185 647 1242 699 sicit
1260 648 1290 698 iu
1309 647 1386 700 tuine
1404 649 1643 718 Haupt-Bettnilie
1663 649 1711 700 mit
1723 647 1779 699 inm
1791 647 1905 724 einins·

205 747 247 792 ter
264 735 383 790 ldaniius
402 737 571 803 Torquatus,
592 733 673 786 latino
692 731 761 784 bello
784 735 893 799 consul,
920 733 1026 801 filium,
1074 731 1494 795 rensolten,aiemiirdendnnu
1505 735 1870 802 dnsnenserrtgeswnngen.

204 817 274 890 quod
293 825 450 887 proroostos
470 814 626 868 aGenaiuin
638 815 724 868 Matio
737 813 803 867 duce
815 815 1024 872 Tusculanorum
1070 847 1074 852 ·
1112 814 1152 865 dd
1172 814 1357 886 hono'quoque
1376 817 1577 882 tractationem,
1606 835 1672 886 quae
1697 818 1726 868 in
1746 818 1816 870 bello
1835 817 1892 871 sirre
1931 809 1959 849 ¹⁹

205 902 238 954 ad
257 897 438 953 dimicandum
457 906 534 965 patre
552 897 649 963 ignaro
668 895 857 960 descenderat,
883 899 1026 966 gloriosam
1076 897 1187 965 speciali
1207 898 1329 952 mandato
1348 899 1545 970 suscipiuntur,
1565 901 1680 972 pertinet
1697 901 1825 954 solemnis
1845 902 1891 954 illu

206 983 358 1046 uictoriam,
377 993 402 1034 et
420 979 538 1048 speciosa
555 980 641 1049 spolia
659 977 837 1044 referentem,
857 981 948 1052 abripi
969 986 1027 1036 sli-
1076 980 1249 1049 sponsionum
1270 982 1394 1046 materia,
1412 983 1564 1052 quandcsc.
1584 986 1663 1037 doces
1683 984 1747 1037 belii
1773 984 1846 1036 inter
1864 1003 1892 1038 se

207 1077 296 1131 sture,
315 1076 340 1120 et
358 1066 387 1117 in
407 1062 514 1116 modum
533 1063 636 1115 hostiae
655 1061 874 1130 mactari‘jussit:
894 1066 1029 1134 satiusju.
1075 1061 1139 1130 quid
1160 1063 1346 1133 pneiscuutur,
1366 1066 1384 1116 l.
1404 1062 1477 1132 off
1496 1065 1529 1118 de
1543 1077 1616 1136 pnes·
1633 1068 1704 1136 quod
1731 1068 1790 1120 aine
1816 1083 1891 1120 ruan-

207 1151 319 1212 dioaos,
344 1154 444 1218 patrem
470 1145 533 1197 iorti
561 1141 738 1214 lilio,qnum
774 1147 886 1215 patrium
916 1150 1025 1204 mnirari
1076 1144 1138 1197 dato
1158 1147 1291 1216 principis
1303 1145 1363 1200 fieri
1384 1146 1477 1212 debete
1497 1151 1653 1219 sponsiones
1672 1152 1744 1203 enim
1759 1150 1889 1206 describit
1926 1161 1957 1204 to

207 1231 350 1302 disciplina
368 1247 463 1282 carere.
483 1228 572 1281 Valer.
590 1229 663 1280 Mar,
681 1229 705 1281 d.
725 1229 742 1282 t.
761 1231 808 1300 qui
827 1239 854 1283 et
872 1233 924 1285 slia
956 1237 1026 1304 rino.
1077 1219 1185 1283 Grotii.
1193 1231 1220 1303 1'·
1238 1232 1262 1283 b.
1281 1242 1308 1284 et
1323 1251 1352 1302 p.
1369 1232 1388 1284 t.
1408 1242 1432 1282 t.
1450 1249 1472 1283 e.
1493 1244 1533 1284 ts.
1552 1233 1574 1297 §.
1594 1245 1618 1285 s.
1631 1233 1674 1285 ubs
1691 1235 1718 1284 hi
1731 1269 1738 1294 ,
1750 1235 1793 1302 qui
1808 1253 1821 1284 a
1837 1251 1888 1303 po-

205 1333 278 1370 rosue
296 1314 373 1380 buius
392 1310 554 1380 disciplinae
566 1311 699 1365 militaris
712 1313 833 1382 exempla
850 1314 941 1370 reiert.
955 1320 1026 1372 coni.
1080 1322 1176 1368 testate
1191 1333 1291 1368 summa
1306 1320 1362 1384 ejus
1375 1319 1414 1370 rei
1429 1315 1579 1368 mandatum
1595 1335 1648 1369 nou
1663 1317 1773 1380 habent,
1786 1318 1889 1388 aliquid

205 1398 350 1468 Tiraquell.
370 1397 396 1449 d.
414 1413 498 1457 poen.
518 1403 599 1462 temp.
618 1411 691 1447 cans.
713 1406 754 1446 ιι.
774 1414 801 1448 n.
822 1409 846 1450 ι.
865 1415 934 1468 seqq.
947 1401 1025 1456 Grot.
1078 1398 1237 1466 promittunt
1269 1403 1339 1468 quod
1360 1400 1431 1451 iliam
1451 1399 1591 1469 praecipue
1607 1403 1702 1468 langiu
1715 1401 1786 1470 quod
1799 1403 1821 1454 si
1834 1405 1890 1470 jus·

170 1531 173 1536 ,
207 1479 234 1532 d.
246 1481 273 1553 j.
292 1480 317 1532 d.
335 1487 362 1532 et
379 1498 409 1551 p·
429 1478 447 1530 l.
469 1487 492 1529 t.
510 1492 532 1530 c.
556 1487 595 1530 ts.
613 1472 637 1546 5.
659 1489 679 1530 t.
700 1478 1027 1554 liecentinraqunqueuo·
1075 1497 1120 1535 sus
1140 1483 1290 1549 majestatis
1310 1481 1495 1551 praecederet,
1515 1482 1607 1536 foedus
1626 1496 1710 1546 esset,
1730 1501 1784 1537 uon
1810 1504 1890 1556 spou-

206 1565 256 1618 stri
275 1563 360 1618 seculi
380 1561 503 1631 exemplu
523 1560 679 1614 laieaddnci
699 1575 824 1632 possent,
854 1568 898 1620 ubi
922 1573 1026 1638 pariter
1073 1567 1121 1618 sio.
1141 1567 1223 1620 Fiunt
1242 1585 1302 1620 sero
1323 1568 1371 1620 hae
1390 1567 1892 1638 sponsionessducibnseooasu,nbi
1929 1585 1956 1626 tt

205 1665 280 1719 gnare
298 1647 461 1720 supplicium
483 1646 622 1699 imminuit
640 1647 712 1715 illis,
730 1651 775 1720 qui
795 1655 865 1720 iussn
895 1655 1026 1726 principie
1074 1650 1103 1703 in
1124 1668 1194 1702 mura
1209 1655 1435 1722 pericuinm,nec
1450 1651 1559 1707 facultas
1571 1655 1724 1708 consulendi
1741 1657 1890 1728 principem

207 1733 247 1786 eei
265 1732 334 1800 reip.
353 1731 530 1794 excedentes,
554 1745 611 1782 rem
631 1747 759 1802 prospere
778 1745 868 1790 contr.
882 1737 969 1792 hoster
981 1757 1027 1792 ex.
1072 1747 1208 1802 superest,
1228 1735 1272 1788 ubi
1293 1737 1372 1788 duces
1393 1735 1454 1790 beili
1475 1755 1566 1807 pacem
1587 1738 1656 1792 inter
1675 1755 1702 1792 se
1720 1739 1829 1804 iaciunt,
1841 1741 1890 1794 sub

207 1815 381 1885 pertinerent,
400 1814 429 1865 iu
450 1813 584 1884 plerisque
606 1823 696 1868 tarnen
717 1815 853 1872 mitiorem
867 1822 1026 1876 sententiam
1072 1817 1225 1871 conditione
1244 1819 1306 1882 illu,
1324 1818 1347 1870 si
1368 1819 1491 1890 princeps
1510 1822 1550 1872 rel
1575 1837 1642 1890 resp.
1657 1831 1739 1874 ratam
1754 1823 1884 1888 babuerit,

205 1897 316 1951 extorsit
339 1897 443 1950 laetitia
466 1895 574 1966 publica
600 1897 630 1950 in
657 1899 796 1954 universos
820 1904 891 1956 cives
915 1906 1026 1972 diffuso,
1075 1901 1194 1954 Velitis·
1214 1902 1230 1954 l·
1248 1921 1270 1961 s·
1289 1900 1314 1954 d·
1334 1919 1363 1956 rs
1381 1903 1459 1956 milti·
1477 1921 1501 1956 s·
1524 1915 1562 1958 ¹⁰·
1582 1905 1663 1970 Cuius
1681 1907 1833 1976 sponsionis
1851 1925 1887 1960 so·
1927 1907 1957 1948 ²²

205 1985 279 2051 eujus
297 1982 450 2049 exemplum
469 1980 558 2032 simile
576 1983 699 2035 occurrit
722 1995 743 2034 ι.
763 1987 837 2038 Sam.
860 1997 899 2038 ιι.
926 2007 954 2042 o.
984 2001 1026 2044 ts.
1075 1985 1325 2054 lemneexemplnm
1345 1995 1385 2039 est
1413 1987 1889 2058 ap.bir·lib.ainsponsiouensu-

207 2069 252 2121 Sic
270 2065 433 2120 fortissimus
452 2065 599 2135 inglorum
618 2065 680 2119 dux
702 2065 827 2120 Blackins
847 2071 976 2140 ilispanie
1000 2093 1026 2126 a.
1074 2067 1153 2130 dina,
1173 2085 1252 2138 quam
1274 2068 1313 2121 ibi
1334 2069 1435 2140 proiixu
1451 2072 1570 2124 orations
1588 2074 1753 2142 persequitur
1782 2075 1889 2128 Postlsu·

207 2163 283 2206 rssr.
301 2148 327 2201 d.
349 2159 390 2202 ιι.
404 2147 483 2219 april·
502 2149 606 2217 injussu
626 2149 692 2219 reip.
713 2165 745 2202 ac
757 2155 914 2222 protectoris
928 2155 1022 2210 cmm.
1074 2152 1157 2214 mius,
1176 2169 1244 2222 quse
1263 2154 1375 2206 omniuo
1394 2155 1464 2206 iectu
1486 2154 1564 2222 digna
1580 2195 1587 2220 ‚
1605 2173 1664 2207 curn
1684 2157 1837 2227 sponsionis
1851 2159 1891 2212 ei·

206 2234 278 2289 nelli
296 2249 417 2302 maguam
434 2229 535 2284 cladem
555 2231 665 2296 intulit,
684 2233 747 2287 dum
768 2237 877 2290 classem
897 2257 929 2292 ex
950 2241 1024 2298 ludia
1073 2232 1171 2286 sectum
1192 2235 1259 2286 satis
1273 2244 1394 2288 aecrsrnte
1414 2236 1561 2305 exprimat,
1581 2235 1651 2288 coni.
1670 2237 1695 2290 b.
1719 2238 1764 2290 dn.
1792 2239 1887 2292 brunin.

204 2318 329 2374 orientali
349 2319 377 2370 in
397 2328 475 2387 portu
494 2327 597 2369 unctae
619 2314 713 2370 Crucis
726 2317 758 2371 ad
774 2319 886 2374 insulam
900 2323 1024 2379 Tenerii.
1073 2314 1101 2368 in
1115 2325 1192 2368 tract.
1207 2317 1231 2368 d.
1242 2317 1395 2388 poeepottc
1408 2317 1514 2371 duret-t.
1530 2329 1552 2370 s.
1569 2327 1596 2371 et
1608 2319 1637 2372 iu
1656 2331 1792 2375 comment
1804 2324 1885 2393 edff.

206 2404 259 2456 iam
278 2402 427 2472 appulsam,
443 2401 593 2470 periculoso
607 2399 749 2455 admodum
761 2415 874 2467 conatu,
887 2407 956 2459 nibil
969 2427 1023 2466 mo·
1070 2399 1089 2450 1·
1111 2411 1134 2450 ⁵·
1152 2400 1177 2452 ‘l-
1197 2401 1279 2454 Posi·
1298 2401 1351 2454 Uti
1366 2400 1503 2465 indolem,
1518 2403 1622 2456 modom
1637 2411 1664 2456 01
1676 2403 1797 2457 sffoolom
1811 2423 1886 2477 spora-

203 2497 276 2542 ratus
293 2485 504 2554 circumjacentia
522 2487 644 2550 castella,
675 2489 717 2542 rel
744 2487 883 2544 innumera
907 2501 1024 2548 tormen·
1070 2482 1155 2536 ⁸5⁰¹¹l⁸
1174 2483 1292 2537 ‘dilucidi‘
1311 2484 1377 2538 ³⁸²³!
1395 2483 1521 2549 ‘lesltsslls
1539 2502 1664 2556 (imnum
1690 2488 1814 2540 ¹0⁰¹on
1840 2489 1885 2542 bs*

205 2581 230 2623 ta
250 2568 311 2624 iude
329 2569 358 2622 in
379 2587 457 2622 nares
475 2585 536 2621 anns
553 2569 701 2624 confertim
724 2573 834 2638 jactata.
854 2585 956 2643 portum
981 2578 1022 2630 in·
1071 2568 1194 2620 ⁰⁸V⁰¹¹¹ffl
1213 2567 1353 2622 bistllslit
1371 2585 1461 2620 smotfl
1474 2569 1592 2622 “sollio

203 2671 322 2724 gressus,
340 2663 367 2708 et
386 2663 467 2706 totam
487 2653 597 2705 classem
617 2653 783 2722 hispanicam
802 2654 952 2719 destruxite
972 2677 1020 2732 pro
1102 2649 1234 2704 Praesenti
1247 2651 1373 2704 materiae
1385 2659 1492 2703 nostrae
1505 2653 1552 2702 boe
1566 2663 1664 2706 unium
1677 2651 1880 2722 inservitnool
1921 2648 1950 2691 ²⁸

202 2758 253 2809 qno
272 2738 371 2809 insigni
391 2737 525 2802 iocinore,
545 2738 674 2808 utut⁴ipsi
695 2739 807 2792 annulus
827 2742 1019 2798 sonontitua-
1065 2746 1097 2784 0¹
1117 2733 1161 2786 ¹¹¹3
1182 2734 1326 2806 ⁸90⁰⁵l⁰110
1346 2736 1418 2786 ΜΠ·
1443 2735 1568 2804 obllgsllo
1593 2734 1742 2805 principem
1769 2732 1883 2801 ssfislsh

201 2841 259 2878 rum
278 2844 292 2877 a
311 2825 473 2895 parlamento
492 2823 618 2889 donatus,
636 2821 705 2891 quod
718 2821 804 2875 reiert
816 2822 861 2875 dn.
877 2823 1017 2882 Beomann,
1067 2819 1109 2870 cni
1129 2819 1243 2872 liberum
1263 2830 1319 2884 est,
1341 2837 1374 2872 ιιι
1394 2821 1467 2872 iilam
1487 2819 1651 2882 ratihabere,
1669 2839 1702 2873 an
1721 2819 1807 2873 eidem
1821 2839 1883 2874 cun·

199 2909 260 2964 istst.
278 2910 334 2964 ord.
351 2920 448 2963 terror.
464 2919 536 2976 part.
559 2919 584 2962 ι.
603 2926 629 2962 e.
650 2901 780 2971 t.§.'tn.
800 2925 828 2961 n.
849 2918 872 2961 t.
891 2919 1016 2978 attamen,
1067 2901 1792 2976 tradinerevelit.Quippeutalias,quodsinenustru
1805 2923 1877 2958 man·
1919 2899 1953 2939 ²⁴

199 3013 251 3062 quo
269 3005 360 3046 uotum
379 2991 458 3047 lieret
476 2993 601 3062 publice,
622 2991 729 3061 injussu
748 2991 815 3060 reip.
836 2993 888 3062 ipsi
901 2993 971 3046 nibil
989 3015 1016 3048 a.
1064 2985 1125 3038 dato
1143 2985 1255 3052 luctum,
1276 3005 1323 3041 nos
1354 2987 1583 3056 nonobiigat,ita
1602 2987 1816 3060 necprincipem
1837 3009 1882 3059 pu·

198 3079 314 3148 gendum
334 3077 436 3142 tuisse,
456 3085 530 3130 aare,
550 3077 579 3129 in
601 3076 697 3129 turrira
710 3073 913 3142 londinensem,
928 3079 1014 3134 locum
1064 3069 1118 3121 ctio
1136 3069 1210 3124 ducis
1229 3071 1328 3139 injussa
1351 3088 1428 3142 snper
1447 3072 1514 3124 tanti
1533 3071 1661 3126 momenti
1681 3077 1787 3140 negotio
1800 3077 1883 3127 strin-

158 3142 162 3150 ¹
197 3162 346 3217 carceribus
364 3178 535 3232 personarum
554 3159 702 3213 illustrium
731 3159 864 3212 destinari
896 3162 1017 3229 solitum,
1062 3154 1776 3227 gerstsltbli·T⁰⁰⁸fllfflsssipfflmsposssorsmso
1794 3160 1882 3212 miuus
1919 3144 1949 3186 ²⁵

197 3249 291 3316 exiguo
309 3246 370 3300 iicet
390 3257 520 3316 tempore,
539 3243 668 3297 deductus
682 3243 744 3296 [υἷι.
1063 3237 1139 3289 dubii
1159 3237 1250 3302 habet,
1269 3255 1321 3306 quo
1339 3237 1458 3302 certius,
1478 3236 1548 3291 iacto
1561 3253 1607 3292 sno
1621 3256 1830 3312 unumquemque
1842 3261 1878 3308 se,

233 3335 331 3387 Verum
350 3349 383 3384 sn
402 3330 547 3382 consultum
569 3327 649 3381 sitin
668 3326 1014 3384 belloadeostrietaduees
1064 3336 1116 3372 ⁰⁰¹¹
1136 3321 1243 3374 leffium
1261 3320 1409 3373 dsbllot'sffl
1428 3317 1544 3374 sistssss·
1569 3321 1610 3372 Ad
1628 3323 1879 3399 quidrerootstigs-
1915 3357 1947 3402 tt

195 3415 352 3484 praesertim
383 3413 495 3479 majores
523 3409 757 3473 circumscribere,
784 3420 813 3461 ut
836 3411 887 3462 etsi
913 3413 1016 3478 possint
1064 3413 1104 3455 ω’
1122 3401 1170 3467 ilis
1196 3404 1307 3472 θῑΡῡῐίῑῑ
1329 3405 1407 3456 Gffll·
1425 3403 1451 3456 d·
1471 3422 1495 3458 0·
1520 3417 1560 3458 ¹⁵·
1582 3412 1603 3468 i·
1626 3421 1665 3462 tt.
1685 3409 1729 3461 nbi
1755 3411 1784 3464 in
1809 3409 1833 3483 5.
1854 3427 1878 3465 ι.

194 3499 265 3552 hosti
284 3513 391 3560 nocere,
411 3513 464 3548 nou
483 3494 619 3560 debeant,
632 3493 739 3546 altioris
751 3493 888 3560 indaginis
901 3503 950 3546 est.
964 3495 1013 3548 Sa·
1062 3485 1191 3555 eircfin.
1208 3485 1297 3552 dlfil,
1316 3505 1373 3540 uon
1392 3489 1500 3542 liberari
1519 3507 1598 3557 eom,
1614 3490 1640 3544 sl
1653 3508 1758 3546 ornnem
1771 3511 1877 3564 operam

193 3600 226 3634 ne
243 3591 371 3651 quantum
389 3577 534 3648 Germanis
553 3577 658 3646 saepius
672 3575 817 3629 nocuerint
835 3575 898 3628 haec
922 3577 1012 3631 stricto
1062 3569 1201 3639 impendel
1224 3566 1278 3621 ‘³²¹1
1303 3587 1435 3640 sponsos,
1460 3582 1490 3626 nl
1516 3573 1565 3638 id,
1591 3575 1660 3644 stood
1687 3579 1876 3649 spoponderit,

195 3662 332 3725 mandata,
351 3663 473 3731 exemplu
492 3679 544 3713 non
563 3660 655 3728 ignota
675 3667 750 3712 sunt:
770 3659 875 3728 saepius
887 3661 959 3712 enim
978 3677 1012 3716 ex
1061 3656 1186 3726 princeps
1200 3657 1377 3720 urinatores,
1392 3656 1437 3710 ssd
1450 3677 1509 3712 eum
1530 3658 1563 3711 sd
1583 3660 1721 3716 lotssssso
1733 3663 1877 3734 obligatum

194 3747 340 3816 improviso
357 3763 385 3798 se
404 3743 543 3798 commoda
561 3742 657 3796 obtulit
675 3742 777 3795 occasio
795 3741 906 3800 bostem,
919 3741 1012 3812 proili—
1060 3738 1169 3802 asserir,
1190 3758 1256 3810 quae
1273 3742 1403 3796 sententia
1423 3741 1531 3799 admitti
1555 3752 1656 3815 posset,
1677 3746 1699 3799 si
1720 3747 1753 3801 de
1773 3751 1875 3821 privato
1913 3753 1943 3794 tt

193 3829 292 3900 gandi,
312 3829 356 3883 sed
373 3829 524 3882 mundatum
543 3824 647 3890 deluit,
667 3843 730 3878 mnu
749 3827 797 3879 bot
815 3824 894 3878 deine
924 3825 1012 3880 Ordre
1059 3821 1188 3877 interesse
1206 3835 1233 3879 et
1251 3825 1411 3880 aestimabili
1430 3829 1550 3896 quaestio
1564 3825 1649 3892 leret,
1667 3839 1709 3894 et,
1729 3835 1800 3900 quod
1820 3853 1875 3886 ma-

194 3935 225 3970 sn
244 3915 370 3984 sulingen
388 3913 605 3979 geirndtrintora
626 3927 703 3975 reru,
728 3918 868 3980 autequam
895 3925 929 3963 ex
951 3913 1011 3965 aula
1059 3904 1178 3974 simum,
1197 3911 1220 3962 si
1238 3911 1290 3964 dux
1310 3927 1389 3981 super
1401 3909 1480 3964 bonis
1492 3912 1548 3965 suis
1563 3912 1628 3983 reip.
1642 3924 1670 3966 et
1684 3915 1800 3988 principi
1815 3921 1875 3972 snb·

196 3995 348 4051 mandatum
366 4007 457 4049 nuntns
478 3994 551 4058 dus,
567 3993 658 4046 omnis
677 3991 715 4045 rei
735 3992 803 4046 bene
819 3993 946 4060 gerendae
963 4011 1008 4048 oe-
1057 3993 1134 4058 jectis
1152 4011 1212 4047 cnm
1232 3995 1306 4050 hoste
1319 3995 1404 4048 libere
1422 3995 1581 4064 transigere,
1601 3998 1744 4069 eademque
1766 4001 1869 4072 obliga-

193 4081 277 4145 cssio,
295 4097 361 4149 quae
375 4095 451 4147 saepe
465 4079 493 4128 in
509 4085 642 4129 momento
655 4073 794 4137 consistit,
808 4075 912 4144 penitus
925 4077 1008 4130 arnis-
1059 4089 1087 4126 re
1108 4075 1209 4130 ualeret·
1229 4077 1411 4148 Suppouamus
1430 4077 1518 4145 enirn,
1531 4082 1665 4149 sponsoris
1681 4085 1870 4154 patrimonium
1910 4106 1940 4145 ts

193 4181 230 4217 sa.
249 4164 321 4216 iiiuc
334 4163 362 4214 in
377 4179 476 4231 nupero
489 4159 561 4213 bello
574 4157 675 4228 belgico
687 4158 1009 4230 cocurrebstesernplum,
1061 4165 1147 4210 tantm
1164 4159 1353 4228 amplitudinis
1368 4177 1441 4226 esse,
1453 4171 1483 4214 nt
1497 4159 1622 4218 sufficere
1636 4169 1722 4235 possit
1736 4171 1807 4223 hosti
1822 4189 1870 4240 pro

192 4248 357 4302 iisrtissimns
375 4245 491 4300 civitatis
509 4244 700 4310 Grouinganse
719 4240 860 4306 defensor,
878 4255 905 4298 et
930 4262 1009 4313 gene·
1058 4241 1207 4309 reparando
1224 4241 1321 4295 damno
1340 4261 1393 4296 uon
1406 4256 1507 4298 sennim
1520 4244 1717 4314 ratificationis,
1730 4254 1806 4322 quale
1820 4253 1872 4307 init

190 4331 254 4383 ralis
274 4349 295 4384 r.
314 4330 422 4392 ridens,
435 4345 463 4382 se
476 4325 687 4380 munitissimum
705 4326 836 4381 civitatem
851 4325 1008 4384 Coeuerden
1059 4323 1254 4378 Fabiililasimi
1274 4327 1537 4400 patrimoniumqui,
1549 4347 1608 4383 cnm
1621 4343 1724 4403 pactum
1737 4335 1869 4404 quoddam

192 4423 220 4470 in
241 4417 357 4469 bostium
375 4421 502 4484 potestate
522 4413 708 4477 constitutam,
728 4411 878 4482 improviso
892 4422 918 4466 ot
930 4413 1010 4468 abr-u.
1058 4409 1113 4475 ejus
1125 4425 1184 4460 curn
1197 4409 1317 4462 hostibus
1329 4409 1429 4462 suctum
1442 4423 1548 4466 senatos
1561 4413 1746 4484 improbasset,
1760 4417 1872 4474 fundum

190 4499 363 4571 proquodam
382 4497 510 4561 consilio,
529 4497 600 4565 qnod
619 4496 753 4566 appellant
769 4513 823 4563 por
841 4495 1005 4562 entreprire,
1058 4507 1134 4544 suurn
1153 4491 1274 4545 ducentis
1293 4493 1416 4546 millibus
1435 4496 1573 4562 vendidit,
1591 4509 1617 4552 et
1634 4495 1699 4552 fidei
1719 4502 1869 4572 satisleeit,

191 4585 313 4636 hostibus
331 4583 434 4652 eripere
454 4595 547 4651 posse,
566 4580 632 4632 illud
658 4580 717 4632 sine
743 4579 864 4634 mandato
890 4583 1007 4650 superio·
1057 4575 1125 4645 quod
1137 4573 1220 4628 reiut
1230 4575 1300 4628 idern
1314 4577 1463 4630 Grotdl.
1477 4589 1499 4632 t.
1513 4594 1589 4634 ets.
1603 4589 1625 4643 ς.
1643 4593 1683 4635 ts.
1697 4584 1726 4636 in
1727 4585 1787 4653 fin.
1805 4589 1870 4643 imis
1908 4604 1937 4644 ra

193 4687 251 4719 rum
265 4666 401 4736 suscepit,
421 4675 445 4718 et
464 4663 619 4715 felicissimo
632 4679 753 4716 successu
766 4663 901 4716 civitatem
915 4663 1008 4732 Belgio
1057 4669 1140 4711 tamen
1155 4673 1210 4709 nnn
1224 4658 1372 4728 videoque
1385 4660 1443 4726 iure
1456 4662 1725 4736 sponsorpriucipem
1738 4670 1871 4742 selremp.
1926 4673 1937 4702 ⁸

192 4747 322 4810 reddidit,
340 4765 417 4817 quarn
434 4747 508 4811 ,nisi
529 4745 632 4812 mugnis
646 4745 798 4813 sumptibus
813 4743 922 4814 iusoque
936 4749 1005 4799 mul·
1056 4741 1224 4810 obstringere
1242 4742 1333 4812 possit,
1352 4751 1382 4794 ut
1404 4753 1472 4798 tanta
1491 4747 1619 4815 pecuniae
1632 4750 1768 4818 quantitas
1782 4753 1811 4805 in
1825 4755 1868 4807 lus·

192 4842 279 4886 torum
300 4832 437 4884 hominnm
457 4829 584 4897 unguine
602 4823 748 4879 titienses
765 4828 830 4880 olias
849 4827 946 4898 Belgae
969 4845 1008 4882 re·
1056 4831 1124 4878 slent
1146 4823 1330 4879 transferatur.
1353 4827 1478 4894 nimrim
1497 4828 1568 4882 hosti
1587 4826 1654 4885 lides
1672 4831 1743 4897 datar
1762 4835 1808 4889 sed
1830 4855 1871 4891 re-

191 4913 333 4983 cepissent.
354 4912 430 4982 Quod
447 4911 556 4982 quidem
576 4909 1005 4978 segreadruodumtuleruntliet·
1055 4923 1206 4974 gero‚non
1226 4909 1394 4979 aprincipe.
1416 4910 1616 4966 sidoniorum
1636 4915 1773 4984 sponsoris
1799 4920 1869 4973 ciret
1908 4931 1939 4970 ao

189 4997 227 5066 gii
247 5007 343 5062 statum
362 5013 452 5050 rerum
474 4996 642 5065 interposuit
662 4993 768 5049 tandem
788 5011 816 5050 se
834 4995 963 5066 princeps
975 5015 1006 5048 a·
1054 4991 1122 5044 bona
1134 5009 1189 5057 sua,
1203 5005 1230 5046 et
1246 4992 1363 5046 liberum
1377 4995 1409 5048 de
1422 4997 1458 5049 iis
1468 4995 1627 5068 disponendi
1641 4999 1781 5054 arbitrium
1797 5019 1869 5054 urse-

188 5081 385 5144 rsusionensis,
402 5091 430 5134 et
454 5079 637 5146 ostendendo,
660 5079 729 5150 quod
755 5095 807 5132 nou
832 5081 939 5134 licuerit
961 5079 1005 5131 bio
1054 5073 1109 5138 rior
1129 5077 1213 5142 maius
1230 5075 1293 5128 huic
1310 5093 1340 5130 ac
1360 5079 1574 5150 eminentiusjus
1587 5081 1721 5155 principis
1734 5085 1763 5138 iu
1776 5089 1866 5141 eodem
1950 5077 1953 5084 ¹

190 5166 263 5233 prius
279 5163 387 5217 ordines
400 5165 551 5228 consulere,
563 5181 596 5216 ne
608 5163 718 5218 interim
732 5164 818 5218 oblata
829 5165 931 5218 occasio
945 5173 1005 5233 post
1053 5157 1121 5211 bons
1138 5175 1258 5230 oppono,¹
1279 5165 1351 5230 qnod
1376 5165 1458 5218 sainte
1481 5165 1585 5234 publiea
1609 5167 1730 5236 exigente
1756 5173 1868 5225 omnino

188 5247 259 5299 caira
277 5245 384 5310 futura,
404 5247 458 5315 ipsi
478 5247 587 5316 gratiam
606 5248 733 5301 ordinum
759 5250 855 5303 iterum
881 5247 1005 5303 concilis·
1053 5241 1181 5296 boecasn
1198 5259 1227 5296 st
1244 5245 1345 5310 exerit,
1365 5247 1557 5318 nequicquam
1574 5250 1707 5302 uommodi
1728 5253 1867 5308 exindein

187 5334 239 5384 git.
265 5332 434 5402 Quapropter
459 5332 598 5402 prudentis
626 5333 757 5404 principis
782 5344 837 5397 052,
853 5337 1002 5404 inplorare
1054 5324 1159 5380 ltustetn
1178 5324 1361 5381 transferetur.
1381 5328 1416 5382 El
1439 5333 1462 5384 dl
1490 5333 1613 5396 militm!
1639 5335 1750 5388 ll'rllat‘e
1775 5347 1865 5406 poiesi

188 5415 264 5484 prins
280 5411 362 5468 iidem
381 5427 406 5470 et
424 5414 609 5469 dexteritatem
629 5419 812 5473 ministrorum
831 5417 999 5486 militarium,
1051 5419 1200 5462 contractus
1220 5409 1291 5462 inter
1310 5410 1431 5464 subditos
1449 5431 1508 5468 cum
1528 5416 1677 5470 hosteante
1690 5418 1788 5472 bellum
1808 5437 1866 5474 ruo·

189 5510 215 5552 er
233 5499 256 5550 si
276 5499 369 5553 trorum
391 5501 662 5572 praecipitaremur.
680 5503 1002 5575 provideflecirfflmapo.
1051 5504 1105 5545 tum
1125 5501 1229 5561 gestos,
1246 5501 1275 5545 et
1294 5494 1432 5563 pecuniam
1453 5498 1521 5551 hosti
1540 5501 1690 5556 solvendam
1716 5503 1767 5554 sibi
1795 5506 1856 5556 beiti

188 5591 230 5632 cte
248 5599 321 5650 agere
340 5587 425 5638 solere
450 5584 479 5636 in
505 5599 638 5656 comperto
664 5586 774 5654 habeat,
800 5587 911 5642 liberior
932 5589 1000 5658 ipsis
1050 5577 1109 5643 inre
1127 5575 1276 5638 'lulllffl'ei
1294 5593 1341 5628 ⁰¹¹²
1360 5595 1411 5630 ⁰⁰¹¹
1431 5590 1458 5632 ⁰²
1476 5581 1717 5655 ΙἱΜΜῑΙΡθΜῑι
1734 5587 1866 5659 cumipse

187 5677 301 5738 potestas
319 5671 387 5726 hosti
399 5689 561 5747 precumque
580 5673 657 5730 modo
676 5674 802 5748 nocendi,
822 5674 950 5743 iacienda,
966 5674 1006 5727 1ἰ-·
1053 5659 1163 5714 G'vit'o'
1175 5657 1306 5713 solstiti&
1331 5661 1485 5732 'tondendo
1498 5665 1588 5720 dotem
1603 5669 1676 5720 nullo
1691 5670 1767 5722 mulo
1781 5687 1865 5744 remp

1906 5382 1935 5424 li
