4436 6264
369 273 419 327 119

315 353 366 406 An
379 371 416 406 en
428 349 556 406 alienatis
564 347 681 420 fructus
689 349 811 426 percepti
819 351 1001 407 restituendi?
1014 351 1143 422 ds'stiupu.

351 453 378 488 n.
397 447 438 487 11.
456 447 496 490 11.

314 523 348 576 ln
364 520 460 591 qnt'bus
472 519 581 574 casibus
592 524 708 587 pretium
719 539 772 596 pro
786 522 910 578 alienato
929 523 1021 576 datum
1036 520 1144 575 restitu-

354 603 519 660 endumln.
538 615 579 656 tt.
596 617 635 658 te.
653 617 692 659 ts.

315 692 391 746 linus
409 690 630 743 meliorationum
649 689 678 743 in
695 707 725 744 re
735 691 884 761 saetarum
904 693 979 743 ratio
996 688 1141 755 ltobemlo,

352 780 562 844 eontractupro
577 771 655 826 ntallo
670 773 788 826 14411441
799 769 931 842 ds'stingu't
946 791 973 824 n.
989 785 1031 826 44.
1045 783 1087 823 tt.

318 857 513 928 Compensatio
528 852 748 911 meliorationum
767 873 828 912 eunt
841 858 984 929 fiuctibus
1003 858 1140 929 quomodo

356 940 561 1013 intelligenda?
572 959 601 993 n.
615 951 656 993 tt.
668 951 712 993 tt.

323 1025 448 1079 Gaudent
461 1022 673 1079 melioramento
682 1025 730 1094 J'tts
743 1023 911 1079 retentionis.
926 1043 953 1078 n.
971 1034 1013 1076 tt.
1030 1033 1072 1077 tt.

318 1113 382 1164 llos
399 1111 449 1182 jus
467 1109 623 1164 4414411444
642 1115 723 1178 alque
742 1125 828 1162 onera
847 1111 907 1164 4144
925 1110 1067 1162 ordinario
1086 1109 1145 1162 sine

354 1193 584 1248 entraordinorio
602 1195 683 1248 etiarn
703 1191 743 1250 od
756 1193 905 1247 insusodica
931 1193 1096 1246 extenditur.
1116 1211 1145 1248 n.

360 1290 403 1331 44.
425 1288 466 1330 tt.

325 1366 358 1431 Q·
374 1381 411 1418 on
426 1361 545 1434 syndici,
560 1359 804 1416 administratores
818 1362 890 1416 bona
902 1361 1017 1422 ciuitats‘s
1028 1359 1143 1414 renden-

358 1445 487 1517 tesjinito
500 1445 596 1518 officio
610 1447 767 1498 evictionem
777 1457 920 1518 proestare
932 1445 1091 1502 teneantur?
1101 1445 1143 1498 11·

357 1531 456 1601 otinga.
470 1553 497 1586 a.
510 1549 538 1583 n.
554 1541 595 1582 ts.
607 1528 735 1601 usquead
747 1547 774 1583 n.
790 1541 832 1584 44.

323 1618 373 1668 An
386 1613 485 1667 cins'tas
494 1613 558 1681 p'ure
575 1631 627 1667 suo
645 1615 739 1679 cudat,
752 1613 770 1666 i.
784 1631 809 1666 e‘.
820 1629 850 1666 re
862 1614 985 1670 civitatis
1000 1615 1142 1684 privetur,

353 1697 430 1750 illam
450 1697 604 1751 inconsulto
623 1697 749 1770 principe
767 1697 905 1750 alienant.
926 1717 954 1750 n.
976 1710 1017 1752 tt.
1039 1709 1079 1752 44.
1100 1711 1141 1752 44.

362 1789 404 1830 11.
419 1790 515 1830 11.11.

324 1864 422 1918 Scriba
435 1879 456 1916 s.
472 1867 598 1918 notarim
607 1867 695 1920 4414444
707 1879 789 1935 super
801 1865 972 1921 alienatione
983 1865 1145 1918 4444444141-

362 1951 426 2004 tatis
444 1949 538 2005 illicita
559 1949 767 2007 instrumentum
787 1953 939 2026 conficiens
954 1951 1051 2022 puniri
1061 1952 1145 2006 debet.

363 2055 389 2088 n.
404 2047 444 2088 44.
460 2046 500 2088 44.
515 2047 556 2088 44.
572 2047 612 2089 44.
629 2048 670 2088 44.
684 2051 724 2092 44.

326 2121 447 2174 Praeter
461 2119 581 2173 actioues
595 2123 756 2192 personales
775 2121 814 2176 od
830 2117 1029 2192 recuperandas
1048 2135 1091 2174 res
1108 2134 1146 2174 ea

357 2205 526 2277 praescripto
538 2205 673 2277 legionen
688 2207 827 2264 alienatas
839 2208 921 2262 datur
933 2209 1017 2260 eu’am
1030 2207 1073 2259 rei
1081 2205 1143 2258 vin·

361 2287 472 2341 dicatio.
485 2307 512 2340 n.
529 2301 571 2342 44.
586 2302 626 2342 44.
640 2303 683 2342 44.

328 2369 471 2440 Quomodo
483 2373 614 2442 probetur
623 2373 778 2430 dominium
790 2393 881 2432 rerum
897 2376 1016 2432 ciuitatis
1029 2379 1063 2432 ab
1078 2379 1145 2435 aliis

362 2473 546 2527 possessurum
556 2457 570 2508 ?
582 2477 610 2510 n.
624 2469 666 2512 44.
681 2473 722 2512 44.

323 2547 371 2597 An
383 2543 500 2608 elvisus,
514 2541 647 2613 ignaram
661 2542 859 2599 alienationem
871 2545 1094 2617 inftinrendom,
1108 2565 1145 2602 es

360 2627 448 2692 capite
466 2627 638 2696 ignorants'ae
656 2628 762 2684 restitui
776 2627 877 2698 possit,
896 2642 996 2687 cantra
1012 2633 1144 2704 praeseri-

358 2713 490 2778 ptionem,
503 2710 621 2766 durante
638 2711 707 2776 nte,
726 2711 889 2780 impletam?
907 2734 934 2769 u.
955 2735 982 2768 n.
1003 2728 1045 2768 44.
1064 2733 1148 2786 usque

363 2794 402 2848 441
420 2807 461 2848 ts.

329 2878 374 2932 De
385 2889 506 2950 tempore
518 2879 650 2950 petendae
667 2881 845 2936 restitutionis
854 2881 884 2935 in
898 2884 1034 2952 integrum
1051 2903 1070 2936 a
1087 2883 1149 2937 eisi-

364 2974 436 3026 tnte;
454 2967 517 3017 item
538 2964 571 3020 14
591 2968 641 3019 itae
660 2965 830 3019 restitutione
849 2967 979 3020 omnebus
996 2968 1149 3022 ciuitatibus

361 3059 544 3118 competente,
558 3049 705 3106 remissive.
720 3068 747 3103 n.
763 3057 807 3106 44.

327 3161 561 3276 solemnitatibus
576 3229 603 3272 44
621 3219 707 3272 444414
724 3219 795 3272 eirca
812 3217 985 3272 alienationes
1001 3235 1091 3272 rerum
1114 3229 1149 3272 at·

328 3321 378 3374 que
397 3307 526 3358 14444444
541 3305 657 3357 414144414
675 3305 836 3368 obseruatis,
853 3303 964 3373 subjicio
979 3307 1029 3371 jam
1042 3301 1147 3358 effectus

330 3389 457 3444 solemnis
476 3389 552 3460 huius
572 3389 751 3441 alienationis.
778 3389 960 3442 alienationes
978 3403 1041 3456 ergo
1059 3405 1148 3442 444444

326 3473 444 3526 civitatis
464 3487 523 3526 cum
551 3489 631 3542 supra
649 3471 730 3526 114414
749 3471 961 3526 solennitatibus
980 3481 1007 3524 44
1025 3487 1058 3523 ex
1076 3474 1144 3541 justa

324 3572 399 3610 causa
418 3555 513 3623 144444,
533 3553 626 3611 firmes
643 3567 672 3610 44
689 3555 799 3608 stabiles
817 3573 876 3610 4444
901 3556 993 3611 salunt
1010 3557 1089 3609 rerba
1109 3552 1144 3609 11,-

325 3641 396 3696 naliu
415 3642 464 3713 leg.
490 3651 559 3695 nost.
579 3655 601 3695 t.
619 3640 842 3712 quemadmodum
862 3643 935 3694 enim
955 3637 1039 3693 iorma
1060 3651 1085 3694 et
1104 3657 1146 3692 so·

328 3725 467 3779 lemnitate
484 3744 498 3780 4
518 3726 574 3796 lege
593 3727 722 3796 requisita
743 3743 795 3778 non
816 3741 933 3790 servata,
954 3727 1146 3795 4444444414-

328 3811 396 3864 riter
414 3812 525 3878 4444414,
550 3829 607 3880 nrp.
627 3811 702 3864 444414.
721 3811 772 3863 lae
786 3807 834 3878 jus
849 3820 1013 3881 porrectum.
1026 3827 1048 3862 c.
1061 3809 1095 3862 14
1104 3826 1148 3862 sa-

327 3913 396 3952 cros.
415 3897 475 3951 4441.
496 3897 541 3952 Sic
559 3913 574 3950 e
591 3895 722 3949 444444414
740 3893 825 3947 144444
846 3893 1104 3947 441444444141444444
1123 3906 1148 3949 44

328 3993 477 4038 4441444444
495 3981 629 4043 adbibita,
646 3981 693 4033 1114
708 3989 795 4043 tenet,
810 3977 945 4042 subsistit,
961 3979 1145 4031 4444114444·

328 4067 361 4120 14
376 4067 510 4121 retractari
526 4067 611 4119 debet.
624 4063 735 4133 Nequit
755 4073 842 4116 temen
863 4064 925 4114 baec
941 4059 997 4114 14444
1017 4060 1147 4130 simplici·

331 4167 371 4207 ter
390 4155 459 4206 dicta
484 4147 617 4222 accipient
636 4149 786 4202 existimet
811 4149 879 4202 solos
898 4147 1076 4200 solemnitates
1101 4143 1148 4199 114·

329 4249 497 4308 maneatque
516 4236 616 4290 4411144
635 4233 745 4288 reddere
769 4233 942 4286 alienationes
962 4233 1090 4285 1444444444
1108 4231 1147 4283 ci·

329 4321 553 4387 sitatis,.etiamsi
573 4327 722 4372 4444444444
741 4319 788 4389 qui
802 4319 947 4371 4414144444
961 4328 1017 4382 444,
1031 4317 1067 4368 414
1088 4315 1147 4366 nul·

318 4411 370 4464 lus
378 4449 387 4476 ,
404 4407 599 4463 oltsereaudum
618 4406 688 4470 erit,
711 4405 781 4476 quod
806 4414 941 4475 peteteret
967 4419 1073 4456 4444444
1098 4401 1150 4465 414,

331 4507 357 4550 44
375 4505 522 4547 4444444444
540 4493 588 4544 1114
605 4489 775 4543 alienationis
793 4487 934 4542 seeundum
953 4490 1010 4556 jura
1028 4496 1056 4538 44
1073 4503 1149 4554 regu·

330 4579 368 4630 las
386 4592 448 4630 suas
466 4577 551 4629 initus
564 4585 590 4628 et
604 4574 688 4627 iactus
708 4573 759 4624 sit:
779 4573 819 4624 414
837 4591 858 4625 4.
877 4590 917 4642 gr.
936 4573 1052 4627 teatin
1072 4587 1102 4624 44
1114 4569 1151 4626 41·

321 4663 420 4716 =sitatis
435 4697 443 4725 ,
460 4660 564 4730 emptio
583 4657 703 4712 ellectum
724 4673 777 4710 nott
800 4657 927 4722 habebit,
947 4655 999 4708 uisi
1018 4673 1062 4720 ea,
1084 4673 1152 4725 quae

330 4745 363 4799 41
381 4740 574 4816 perficiendam
593 4744 763 4814 emptionem
781 4740 962 4794 444114144444
975 4742 1017 4809 jus
1030 4750 1150 4792 nostrum

331 4830 460 4900 requirit,
480 4829 675 4892 adhibeantur,
689 4825 728 4878 441
743 4824 792 4877 boc
811 4825 898 4894 ipsum
918 4840 970 4878 nou
988 4821 1097 4875 obscure
1112 4825 1152 4876 in-

330 4913 391 4965 nuit
417 4911 508 4964 Gloss.
527 4910 567 4962 ad
583 4911 602 4962 l.
621 4929 648 4963 n.
672 4921 697 4962 t.
718 4908 905 4962 solemnitates
921 4907 1011 4972 euim,
1024 4925 1084 4960 4444
1097 4925 1151 4961 444

331 4996 386 5048 44141
406 4996 549 5065 qualitates
568 4995 639 5060 sint,
659 5009 725 5065 quae
743 4991 975 5063 praeexistentiam
994 4990 1042 5055 441,
1056 4991 1098 5042 441
1111 5007 1153 5042 ac·

330 5081 445 5146 cedunt,
464 5081 627 5148 requirunt,
646 5078 791 5132 contractui
817 5076 887 5129 nibil
907 5076 1012 5130 roboris
1033 5075 1152 5130 44114444

334 5175 461 5237 possunt,
476 5165 530 5217 nisi
550 5163 599 5216 ille
609 5179 642 5216 ex
662 5179 707 5215 sua
722 5171 813 5216 natura
828 5159 954 5214 subsistat
968 5171 994 5214 44
1008 5159 1151 5214 secondum

281 5269 293 5308 4
332 5253 406 5317 leges
426 5265 485 5301 suas
505 5257 626 5316 peractus
645 5249 688 5300 414.
708 5246 915 5317 Qualiscumque
927 5262 989 5315 ergo
1007 5255 1153 5300 contractus

335 5337 365 5388 iu
382 5331 531 5386 alienandis
550 5331 628 5384 rebus
647 5329 764 5385 ciuitatis
783 5330 945 5396 celebretur,
958 5347 1091 5400 nunquam
1107 5331 1152 5383 ille

336 5421 439 5474 4411144
458 5420 525 5482 4414,
549 5417 603 5470 4141
616 5417 668 5469 4144
689 5415 768 5478 1444,
787 5425 938 5469 4444444444
951 5433 986 5469 44.
1002 5417 1061 5486 ipse
1072 5423 1097 5467 44
1111 5433 1152 5468 so·

335 5506 490 5557 lemnitates
512 5502 531 5553 l.
548 5521 576 5554 n.
596 5515 618 5554 4.
639 5501 787 5570 copulatire
805 5497 873 5554 bene
891 5517 919 5553 se
937 5499 1059 5553 babeant.

283 5614 295 5652 0
372 5591 478 5640 1114444444
499 5597 557 5652 441,
578 5587 752 5639 alienationes
778 5602 865 5637 rerum
890 5583 1057 5639 civitatisex
1078 5600 1151 5653 prae-

332 5675 429 5746 scripto
449 5675 467 5724 1.
488 5682 557 5726 nost.
579 5686 601 5725 4.
623 5669 718 5734 iactas,
739 5667 831 5724 firmes
850 5682 929 5742 atque
947 5667 1056 5721 stabiles
1075 5685 1150 5722 esse:

873 253 1062 310 ntstttrtr.
1082 253 1182 312 xvttt.
1201 253 1317 309 CAPUT
1335 255 1375 312 Vl

1902 259 1953 313 1144

1195 371 1248 422 quo
1265 353 1326 423 ipso
1345 353 1558 419 demonstratur,
1579 357 1695 429 respubl.
1709 368 1751 412 sat
1765 357 1885 414 civitates
1900 357 2010 429 obligari

1194 434 1224 484 ad
1239 438 1425 506 paraestaudntn
1441 438 1466 490 id
1476 471 1484 504 ,
1494 441 1562 510 quod
1577 444 1604 496 144
1619 453 1787 497 contrectatu
1802 443 1942 497 deductum
1955 444 2015 500 1414.

1194 521 1387 576 11414444144444
1406 525 1479 576 enim
1498 535 1523 578 44
1544 527 1662 582 civitates
1681 546 1715 581 ex
1734 527 1854 600 propriis
1871 529 2008 584 4444444441·

1195 604 1244 656 144
1261 621 1341 676 aeqoe
1359 607 1471 678 obligari
1490 627 1568 680 posse
1592 625 1670 684 atque
1693 629 1823 685 personae
1848 613 2012 682 unrehtes,

1195 691 1299 742 nemini
1318 690 1428 744 1411444
1455 709 1513 746 4444
1538 705 1624 765 potest
1635 735 1644 761 ,
1662 696 1782 766 inspecta
1801 704 1828 748 et
1846 695 2011 749 4444114441

1196 781 1250 824 tum
1268 773 1290 824 ·l.
1311 783 1381 826 nost.
1407 785 1430 826 4.
1457 785 1511 827 4444
1537 777 1618 830 etism
1637 778 1656 829 l.
1676 789 1716 830 rt.
1728 776 1770 847 ff.
1787 779 1822 831 de
1839 790 1860 830 r.
1880 793 1904 830 e.
1922 777 2013 848 ibique

1194 855 1238 907 dd.
1258 855 1369 908 1411444
1387 856 1494 927 quidem
1514 857 1795 916 14444441144441.4.
1815 867 1828 923 ς
1854 859 1905 926 fin.
1914 857 1960 928 ff
1980 863 2014 916 14

1196 955 1222 990 o.
1244 938 1336 992 444144.
1355 954 1422 1004 poss.
1442 939 1486 992 ubi
1505 941 1623 1006 1141444,
1643 943 1773 996 4141444444
1792 943 1942 996 4444444144
1962 961 2014 996 nou

1196 1039 1293 1092 posse,
1315 1023 1342 1074 in
1364 1024 1542 1076 contractibus
1555 1025 1626 1078 enim
1642 1041 1798 1080 4444444444
1813 1028 1914 1097 requiri
1927 1040 2013 1081 44444444

1196 1117 1249 1170 ests
1267 1123 1358 1160 444444
1378 1105 1611 1178 respondendnm,
1630 1109 1699 1178 qnod
1720 1111 1879 1164 universitas
1895 1112 2014 1181 tagtttaaa

1195 1202 1349 1259 congregata
1364 1207 1497 1261 personae
1513 1193 1597 1246 414444
1616 1195 1764 1259 sustineat,
1777 1205 1805 1248 et
1815 1195 1851 1248 ob
1870 1195 1897 1247 11
1916 1207 2014 1250 eontra

1194 1283 1255 1325 etus
1280 1273 1382 1342 aliaque
1400 1276 1504 1342 nogotia
1522 1275 1554 1327 441
1575 1277 1766 1346 rempublicam
1789 1279 1952 1349 pertinentia
1969 1295 2015 1332 e»

1196 1355 1295 1425 plicare
1314 1359 1409 1427 possit,
1430 1375 1643 1430 consensumque
1663 1379 1739 1414 sunm
1759 1363 1788 1414 in
1807 1363 1957 1417 alienandis
1975 1381 2015 1418 re·

1195 1439 1244 1492 144
1263 1441 1319 1494 44414
1337 1442 1522 1508 summatim,
1540 1443 1603 1498 licet
1622 1463 1675 1498 non
1692 1461 1751 1499 44444
1771 1448 1864 1500 441444
1883 1446 2014 1513 facilitate,

1195 1539 1246 1595 qna
1264 1525 1413 1593 singulares
1438 1544 1592 1597 personae,
1611 1531 1649 1583 441
1670 1531 1738 1583 11414
1756 1533 1841 1600 glossa
1861 1533 1971 1587 14411.
1993 1548 2014 1588 4.

1194 1608 1283 1679 §.fin
1298 1611 1369 1664 11144
1388 1611 1469 1664 441444
1489 1631 1603 1684 congrua
1622 1615 1714 1668 statim
1734 1617 1839 1670 4441444
1857 1636 1906 1690 pro
1925 1629 2015 1674 natura

1196 1703 1346 1747 contractus
1358 1712 1436 1765 quem
1457 1697 1539 1762 iniit,
1555 1701 1694 1752 conveniri
1716 1709 1818 1770 potest,
1832 1718 1880 1753 4444
1894 1718 2012 1758 44444444

1196 1777 1220 1828 41
1240 1778 1302 1831 licet
1320 1778 1389 1847 qnod
1408 1779 1480 1848 egit,
1506 1782 1555 1835 4441
1585 1781 1767 1836 conditionem
1794 1784 1931 1840 meliorem
1950 1804 2012 1840 oon·

1197 1858 1319 1911 trabeudi
1341 1862 1476 1926 inveniat,
1496 1861 1596 1916 Bartol.
1613 1866 1651 1918 ad
1668 1866 1687 1916 l.
1708 1878 1731 1920 4.
1749 1885 1771 1918 4.
1791 1870 1824 1920 14
1842 1885 1866 1921 a.
1892 1885 1914 1922 r·
1941 1889 1964 1922 c.
1987 1881 2015 1922 44

1198 1959 1235 1995 ens
1254 1961 1296 1996 44.
1315 1943 1501 2000 Christinaens
1526 1947 1583 2000 stol.
1605 1961 1628 2000 4.
1647 1949 1727 2002 14414.
1747 1962 1790 2004 44.
1810 1967 1838 2005 n.
1864 1964 1886 2006 t.
1906 1953 2013 2008 Coutm·

1196 2037 1253 2080 ctus
1274 2030 1349 2084 441444
1373 2032 1489 2084 44444441
1510 2049 1563 2084 444
1582 2045 1713 2102 pussnttt,
1734 2035 1752 2086 l.
1770 2035 1848 2090 sicut.
1866 2055 1890 2090 c.
1909 2037 2011 2091 144411.

1196 2123 1222 2166 et
1235 2125 1287 2166 eet.
1306 2114 1377 2170 1144
1398 2117 1523 2188 principe
1540 2118 1665 2188 quidem,
1686 2118 1809 2174 11411144
1828 2137 1852 2174 4.
1874 2133 1896 2176 t.
1915 2125 1948 2178 14
1966 2144 2012 2176 ms

1195 2209 1249 2254 tur.
1257 2199 1374 2272 findor.
1394 2203 1446 2256 Ubi
1468 2205 1571 2275 inquit,
1590 2205 1660 2275 quud
1678 2207 1747 2259 11444
1766 2209 1886 2280 principi
1901 2212 2014 2278 subiere

1196 2289 1233 2339 rit
1252 2288 1321 2356 leges
1342 2288 1386 2341 441
1406 2305 1459 2340 non
1479 2297 1644 2343 contractus:
1664 2289 1723 2343 411.
1744 2291 1815 2345 Petr.
1836 2293 2016 2348 1444414414

1196 2370 1315 2422 ’14441441
1335 2371 1481 2439 Saulegerii
1509 2379 1588 2424 tract.
1610 2371 1645 2424 de
1666 2375 1851 2438 proventione
1872 2375 2015 2448 judiciali,

1194 2470 1222 2522 p.
1239 2461 1261 2505 t.
1273 2469 1296 2505 c.
1312 2463 1353 2504 tt.
1373 2471 1399 2505 n.
1422 2465 1462 2506 tt.
1478 2452 1537 2507 imo
1560 2455 1628 2509 [tens
1649 2457 1756 2528 ipsese
1776 2462 1956 2529 promissione
1966 2463 2012 2516 ob

1196 2537 1312 2605 ligatur,
1332 2535 1411 2590 Bald.
1430 2537 1459 2592 in
1473 2539 1496 2592 l.
1514 2541 1651 2610 princepe.
1660 2539 1703 2610 ffi
1721 2544 1749 2596 d.
1766 2543 1795 2594 11.
1814 2545 1843 2597 Si
1862 2555 1952 2597 autera
1966 2547 2015 2598 144

1198 2636 1288 2672 444444
1302 2631 1343 2673 444
1357 2621 1385 2672 itt
1400 2622 1541 2692 principe,
1556 2626 1641 2677 multo
1663 2625 1748 2696 magis
1765 2627 1794 2678 id
1809 2626 1899 2698 ipsunt
1914 2630 1942 2682 in
1954 2631 2015 2682 ctat-

1198 2713 1253 2758 tate
1264 2705 1388 2776 principe
1402 2705 1526 2760 interiori
1541 2710 1677 2778 procedet.

1234 2792 1287 2844 141
1311 2789 1377 2844 111441
1402 2793 1557 2860 quaesitore
1576 2805 1645 2845 anne
1665 2807 1831 2847 outremer
1850 2795 2017 2849 4414444144

1198 2892 1304 2944 eornm,
1322 2881 1366 2950 qui
1387 2878 1542 2932 decivitate
1561 2879 1591 2929 io
1609 2879 1800 2934 alienationem
1816 2893 2018 2946 consenseram,

1201 2972 1366 3015 contractum
1385 2962 1464 3014 1114444
1484 2969 1606 3017 emouere
1623 2963 1749 3032 possint?
1761 2965 1838 3034 Quod
1858 2967 2018 3038 simpliciter

1199 3043 1348 3112 negandum
1368 3053 1420 3108 ests
1439 3041 1659 3114 quemadmodum
1679 3046 1836 3111 euimjactr
1856 3049 1890 3101 ab
1907 3046 2018 3103 41141411

1200 3128 1303 3191 441444,
1322 3125 1400 3179 etiam
1419 3123 1500 3180 linita
1523 3125 1616 3183 4114414
1631 3167 1641 3197 ,
1658 3145 1682 3183 4.
1690 3129 1750 3200 fin.
1769 3130 1803 3185 de
1820 3129 1869 3202 off.
1889 3135 1970 3188 nicar.
1990 3137 2019 3188 in

1203 3224 1226 3264 4.
1241 3208 1274 3263 Et
1288 3210 1414 3265 haeredes
1433 3227 1486 3264 uon
1504 3225 1614 3283 possunt
1626 3217 1807 3270 444444444144
1826 3217 1906 3272 144414
1924 3217 2018 3272 14144-

1199 3304 1304 3348 ctorum
1325 3311 1450 3360 snorum,
1469 3296 1487 3347 l.
1510 3305 1549 3348 44.
1567 3313 1590 3349 4.
1608 3298 1642 3351 14
1659 3316 1681 3350 4.
1701 3314 1725 3351 4.
1743 3299 1762 3352 1.
1781 3301 1942 3359 sesannia
1956 3302 2018 3354 lon.

1198 3378 1274 3432 44414.
1289 3379 1352 3450 jud
1370 3379 1472 3448 possid·
1492 3380 1538 3436 114
1556 3397 1604 3434 444
1628 3393 1799 3451 contractos,
1818 3397 1844 3440 et
1861 3403 1910 3458 per
1927 3401 2020 3441 consa·

1197 3480 1281 3533 quent
1299 3480 1348 3516 nec
1365 3463 1538 3519 alienationes
1556 3483 1604 3536 per
1622 3475 1802 3523 antecessores
1822 3468 1907 3524 144444
1916 3507 1926 3536 ,
1945 3489 2018 3524 4444·

1199 3552 1255 3602 4441
1274 3561 1404 3620 poterunt.
1425 3550 1508 3603 Secus
1525 3552 1598 3604 44144
1618 3551 1756 3620 41114444,
1776 3553 1914 3608 144411144
1933 3559 1972 3608 414
1989 3579 2019 3611 4·

1199 3634 1348 3702 periectos,
1362 3635 1424 3702 quia
1438 3644 1584 3704 temperet
1603 3635 1721 3689 14144111
1742 3654 1905 3694 44444444444
1923 3643 1954 3693 41
1977 3645 2019 3695 sui

1199 3716 1343 3770 utilitatem
1363 3725 1389 3771 44
1407 3717 1573 3771 commodum
1593 3719 1621 3772 in
1640 3721 1765 3774 damnant
1786 3733 1809 3777 et
1828 3727 2020 3796 praejudicium

1200 3815 1395 3869 possessurum,
1415 3803 1548 3872 quoslibet
1566 3815 1759 3860 contrectaret
1777 3819 1851 3862 actos
1870 3821 2006 3866 4444444444
2098 3850 2101 3858 ·

1200 3903 1257 3938 mm
1277 3887 1414 3940 annullare
1440 3897 1568 3958 possent,
1588 3890 1658 3959 quod
1676 3893 1737 3960 qtn'a
1755 3895 1919 3947 occasionem
1939 3897 2021 3950 441444

1199 3969 1358 4039 praeberet,
1377 3987 1411 4024 44
1435 3973 1496 4042 quis
1518 3988 1579 4024 cara
1603 3973 1714 4029 ciritate
1735 3975 1814 4030 144114
1833 3982 2019 4046 conturbaret,

1200 4055 1316 4107 44441444
1334 4059 1544 4126 praecavendum
1564 4058 1712 4125 4414,·4444
1734 4063 1846 4116 44414444
1870 4065 1960 4119 damni
1980 4072 2019 4121 ci·

1200 4139 1324 4193 sitatibus
1345 4139 1411 4210 ipsis
1432 4139 1496 4194 14414
1513 4143 1585 4194 nasci
1602 4153 1699 4220 posset.
1722 4143 1843 4213 14444114,
1861 4149 1930 4219 qood
1950 4151 2019 4204 4414-

1200 4225 1325 4276 mnitates
1344 4225 1410 4298 lepis
1428 4231 1498 4278 nost.
1521 4237 1544 4278 t.
1563 4228 1722 4279 4444414444
1744 4228 1771 4280 14
1792 4233 1918 4288 nutriam
1937 4245 1962 4288 44
1980 4251 2019 4288 se

1200 4307 1336 4361 caritatem
1355 4308 1472 4378 ipsorum
1492 4307 1655 4373 cisitatnm,
1683 4312 1729 4363 441
1755 4311 1835 4365 etism
1862 4313 1951 4381 111144,
1975 4322 2021 4389 qui

1200 4409 1260 4444 44444
1272 4391 1329 4443 11114
1342 4391 1489 4459 contrabit,
1507 4393 1695 4464 requirantur,
1713 4407 1793 4464 preat
1810 4397 1897 4452 verbu
1913 4413 2021 4474 emptor

1198 4486 1391 4544 competentem
1408 4477 1495 4547 possit
1512 4478 1610 4532 1441444
1626 4478 1775 4544 4444441444,
1796 4489 1933 4550 testantur,
1947 4488 2017 4555 quod

1201 4559 1378 4616 frustraneum
1398 4560 1488 4625 14444,
1501 4561 1524 4613 41
1546 4571 1587 4616 444
1605 4572 1632 4613 44
1651 4563 1732 4614 tantis
1750 4564 1963 4624 solemnitatibus
1974 4572 2021 4623 41-

1200 4645 1298 4698 bibitis
1312 4643 1383 4698 iraus
1396 4661 1410 4696 a
1421 4653 1557 4696 contractu
1577 4643 1717 4697 resiliendi
1733 4647 1846 4714 reperiri
1866 4651 2019 4717 44441484.

1200 4747 1280 4784 444444
1298 4745 1361 4797 ergo
1378 4745 1436 4781 4444
1454 4736 1557 4798 potest,
1576 4727 1735 4798 quicumque
1747 4745 1805 4780 com
1826 4731 1968 4800 praedictis
1979 4753 2020 4792 so·

1201 4815 1386 4870 lemultatibus
1398 4831 1440 4868 res
1453 4823 1531 4882 atque
1545 4812 1613 4868 bona
1626 4813 1742 4868 civitatis
1755 4815 1883 4884 possidet.
1896 4815 1952 4873 1144
1964 4835 2018 4887 444,

1202 4903 1271 4970 quud
1289 4909 1409 4954 4444444444
1427 4897 1672 4962 administratores,
1695 4901 1741 4968 qni
1765 4915 1810 4952 res
1831 4901 1948 4958 civitatis
1973 4905 2018 4958 tle·

1200 4987 1260 5041 bito
1278 4987 1356 5042 44414
1374 4988 1414 5040 441
1431 4985 1582 5036 alienarunt
1607 4982 1647 5034 441
1672 4981 1707 5035 41
1733 4983 1799 5038 41144
1823 5001 1884 5038 snos
1909 5007 2016 5044 conser-

1202 5079 1299 5124 terunt.

1237 5153 1365 5206 Econtra
1386 5167 1447 5206 4444
1466 5149 1512 5204 411
1532 5149 1712 5203 solemnitates
1729 5149 1781 5220 lag.
1794 5163 1866 5206 44444.
1890 5167 1915 5209 4.
1933 5157 2020 5210 41444.

1201 5251 1274 5294 rotae
1294 5257 1347 5292 non
1363 5237 1488 5298 inerunt,
1507 5235 1634 5290 4114444414
1655 5235 1699 5287 1114
1719 5235 1778 5306 ipso
1795 5241 1853 5306 jure
1870 5244 1940 5296 4444114
1961 5253 2000 5296 444
2011 5283 2021 5311 ,

1200 5335 1229 5376 44
1242 5339 1284 5378 444
1295 5333 1373 5394 atque
1391 5323 1460 5376 bona
1478 5319 1621 5374 4141444144
1634 5337 1799 5392 quocumque
1817 5340 1967 5395 4444444444
1981 5346 2019 5383 44-

1203 5412 1256 5480 peti
1277 5418 1401 5480 possunt,
1420 5407 1510 5460 Gloss.
1529 5405 1602 5459 4411.
1621 5415 1692 5459 nost.
1711 5417 1736 5458 t.
1755 5405 1937 5465 1144441411.
1951 5431 1978 5466 4.
1995 5428 2019 5468 4.

1203 5511 1228 5548 n.
1250 5507 1275 5548 t.
1294 5491 1531 5546 11144414144444.
1550 5500 1578 5542 et
1594 5490 1695 5560 ambig·
1714 5503 1839 5547 convent.
1855 5495 1874 5548 l.
1895 5507 1918 5548 4.
1937 5499 2019 5553 4144.

1201 5597 1227 5631 n.
1245 5590 1285 5632 44.
1302 5581 1348 5648 qui
1368 5577 1416 5630 boc
1435 5576 1608 5629 4144444444
1627 5591 1684 5628 esse
1701 5577 1854 5646 4414414444,
1875 5591 1904 5635 44
1923 5599 1945 5639 et
1964 5585 2019 5640 isu-

1201 5674 1259 5721 ctus
1278 5681 1292 5718 e
1312 5663 1479 5720 recidistis
1499 5662 1619 5734 percepti
1639 5663 1794 5720 restituendi
1815 5670 2021 5742 1444444144-

2048 519 2067 562 1

2060 5707 2088 5746 11
