4458 6290
407 241 456 310 trs
986 241 1178 302 Dlsl‘U'l'l'l'·
1194 249 1227 304 X.
1246 245 1365 306 ctrur
1382 246 1431 308 IV·
1925 246 1979 314 ⁴52

351 335 476 395 ieriorum
496 337 663 396 renationem
689 336 885 410 pertinentem,
905 337 985 394 ruodo
1011 339 1094 408 reiut,
1112 340 1166 394 sibi
1218 343 1333 396 altario
1352 361 1381 396 re
1399 359 1456 398 urea
1472 343 1515 413 lua
1535 341 1588 400 albi
1606 341 1715 418 aliquod
1732 357 1858 417 qnserere
1873 351 2036 411 conamur-at

348 424 390 494 jus
409 424 519 481 renaudi
537 425 618 480 etism
638 425 749 493 msjrnes
767 423 863 478 bestias
881 435 1046 495 competeree
1067 435 1095 480 et
1112 443 1166 480 non
1220 427 1264 478 hic
1281 427 1349 480 bona
1368 423 1435 482 fides
1452 427 1507 482 erit
1530 430 1695 484 necessaria:
1713 445 1748 481 an
1775 443 1836 483 sero
1859 425 1893 481 de
1909 445 1963 482 nou
1981 445 2032 482 usu

282 523 313 568 u
350 507 485 580 permittat
506 510 583 563 alteri
608 509 686 578 hujus
709 507 859 562 uenationis
883 525 969 564 nsum·
986 509 1019 562 lu
1041 527 1094 564 uon
1116 528 1166 564 usu
1216 511 1284 581 juris
1301 511 1369 564 milri
1389 512 1418 565 iu
1436 512 1525 565 alieno
1543 510 1657 582 praedio
1676 511 1816 582 acquisiti,
1835 528 1857 565 e·
1875 527 1915 581 gr.
1933 509 1957 564 si
1975 527 2033 566 ser·

349 599 437 646 umen
455 591 522 646 meri
540 592 649 662 imperii
668 593 709 648 rel
726 590 877 646 criminalis
894 591 1095 662 jurisdictionis
1112 613 1165 650 aon
1216 597 1318 664 vitute,
1336 614 1383 651 seu
1399 599 1457 666 jure
1476 597 1618 669 pascendi,
1630 597 1689 666 jure
1705 593 1819 652 renaudi
1832 611 1882 667 per
1894 607 2032 650 toarno·

345 671 418 726 idem
436 673 606 734 asserendum
631 685 714 746 puto,
738 693 798 728 oum
810 675 942 730 .exeentio
966 675 1164 744 jurisdictionis
1216 681 1245 734 in
1262 682 1350 736 alieno
1368 698 1420 734 nou
1439 690 1512 746 utere
1531 679 1580 734 lsoc
1598 677 1673 733 enim
1693 679 1816 733 amittere
1833 695 1878 732 me
1893 685 1958 751 putu
1975 679 2032 732 solu
2114 709 2116 714 ·

346 755 497 815 criminalis
505 755 661 812 obreuieute
676 775 738 811 casu
750 757 787 810 sit
799 756 984 823 necessitatis,
997 757 1044 812 sed
1057 768 1163 830 captura
1217 767 1345 839 temporis
1362 769 1452 839 lapsuc
1464 783 1534 820 -oum
1553 765 1616 821 talia
1631 767 1696 835 'lura
1719 764 1799 818 alteri
1822 765 1877 819 siut
1892 762 1985 829 onerl,
2003 775 2031 820 et

347 837 418 894 cmvi
434 849 476 894 est
493 840 637 895 uoluntatis
647 852 695 906 ,et
709 845 747 895 sic
760 843 872 911 impune
888 841 980 896 omitti
998 852 1099 913 poteste
1112 863 1163 900 nou
1215 850 1335 904 libertati
1355 850 1400 903 laic
1410 848 1578 917 ›lsreudum
1590 851 1619 904 iu
1632 853 1704 922 cujus
1716 848 1833 906 favorem
1846 851 1885 914 is,
1898 848 1944 920 qni
1959 859 2030 904 tantu

343 921 382 977 ite
399 924 904 996 capturadelinquentis3utlsinc‚qni
923 927 1163 984 actus-mixtiim·
1215 947 1334 1007 tempore
1359 951 1413 988 nou
1439 935 1538 1002 utitur,
1563 935 1702 989 remisisse
1727 936 1768 1002 jus
1790 951 1866 987 snum
1882 942 2026 994 -eetsseture

345 1006 415 1078 perii
437 1010 776 1076 teutnm,esercuit,ceeus
789 1028 852 1064 reru
863 1011 1016 1065 criminales
1029 1015 1161 1084 neglexit,
1213 1033 1262 1070 nee
1280 1015 1385 1071 obstat:
1402 1016 1472 1086 qnod
1490 1017 1559 1070 alter
1576 1027 1663 1072 tamen
1682 1014 1856 1078 sciat,sead
1875 1013 2029 1068 misnen
2069 1008 2100 1047 ⁴¹

344 1090 480 1146 oriminsli
499 1093 688 1161 jurisdictione
705 1096 818 1149 omnino
837 1096 984 1166 privandus
1002 1097 1049 1151 sit.
1213 1100 1287 1154 illum
1307 1117 1364 1155 esse
1379 1099 1589 1172 obligatumet
1602 1097 1675 1152 irinc
1696 1105 1810 1170 propter
1833 1097 1928 1150 melam
1940 1092 2030 1150 fidem

382 1175 515 1244 Quurtum
535 1177 692 1248 requisitum
713 1187 752 1232 est
772 1179 839 1234 bonu
852 1177 940 1243 fides,
952 1180 1052 1234 rollone
1071 1181 1161 1246 illius,
1211 1203 1359 1240 nou-usum
1377 1186 1490 1258 allegare
1508 1195 1632 1257 nequem
1646 1203 1709 1238 nam
1728 1183 1773 1237 hic
1786 1197 1827 1237 res
1840 1181 1954 1236 reditad
1970 1182 2031 1254 pei-

343 1259 387 1314 oui
405 1277 456 1331 per
472 1279 561 1316 meum
581 1279 634 1316 uon
654 1281 728 1316 usum
743 1263 787 1315 hic
799 1263 901 1334 aliquid
912 1263 1105 1334 quaerendume
1118 1281 1159 1320 re·
1211 1267 1314 1322 stinum
1333 1267 1530 1336 domiuum,·et
1547 1269 1580 1323 ad
1600 1266 1745 1340 pristinam
1764 1265 1928 1332 libertstem,
1947 1265 2034 1320 ethic

343 1359 402 1398 rcus
421 1363 454 1396 an
464 1345 635 1399 indistincto
647 1346 718 1400 bona
732 1345 802 1401 fides
820 1347 1032 1415 uecesmris-sit,
1042 1348 1161 1405 dubitari
1209 1352 1288 1406 alteri
1305 1368 1395 1406 revere
1412 1353 1484 1406 nihil
1497 1351 1633 1416 auferture
1651 1351 1694 1406 cui
1706 1349 1827 1421 congruit
1838 1349 1970 1421 generalis
1982 1349 2032 1404 sle·

341 1437 455 1499 poteret.
467 1427 501 1479 Et
514 1429 622 1498 quidem
641 1433 699 1500 jure
717 1449 826 1486 romono
844 1449 897 1486 non
915 1431 1159 1490 udeoobscureri·
1209 1434 1291 1502 cisio,
1309 1436 1442 1507 &penult
1454 1456 1477 1496 e.
1490 1437 1621 1492 detenti.
1632 1453 1685 1490 uon
1705 1453 1754 1488 usu
1767 1435 1858 1489 decem
1869 1433 1912 1489 rel
1926 1444 1969 1493 rc,
1982 1450 2031 1486 en·

344 1511 419 1566 detur
436 1509 537 1566 decisio
557 1515 692 1582 negarier,
708 1529 769 1566 cum
783 1513 989 1587 ibiqnandoque
1006 1519 1077 1572 solus
1094 1529 1160 1573 tem·
1208 1535 1304 1572 uerum
1321 1519 1412 1574 amitti
1430 1521 1582 1576 servitutes.
1601 1519 1653 1573 His
1667 1519 1710 1573 its
1727 1519 1888 1574 brevissime
1905 1517 2027 1590 proposi·

339 1593 417 1666 puris
436 1596 524 1666 lapsus
542 1593 671 1661 sufficistr
687 1598 732 1654 sed
749 1599 946 1669 curn-inpraxi
964 1615 1106 1670 sequemur
1117 1605 1159 1672 jus
1209 1601 1245 1656 tis
1263 1603 1454 1658 transeundum
1472 1605 1506 1660 ad
1523 1623 1585 1677 cop·
1596 1607 1647 1660 17.
1662 1604 1711 1658 too
1730 1605 1810 1658 unico
1828 1603 1915 1657 adlrue
1930 1604 2024 1658 obser·

341 1679 519 1744 muouioum,
536 1679 587 1734 hue
605 1699 665 1736 reru
688 1683 717 1737 ln
738 1683 925 1755 qualicumque
942 1687 1160 1758 praescriptione
1208 1695 1284 1751 reto,
1308 1687 1378 1757 quud
1404 1705 1457 1742 uon
1475 1706 1545 1743 usna
1567 1688 1637 1761 juris
1660 1687 1775 1759 quaesiti
1798 1687 1915 1742 breviori
1940 1685 2027 1738 sdbuc

340 1764 493 1819 orrutiuuam
514 1768 610 1821 bonaur
628 1765 709 1822 iidem
729 1772 834 1840 erigat,
853 1788 900 1842 per
918 1789 976 1841 cup.
988 1769 1045 1842 fin.
1072 1775 1108 1828 Χ.
1124 1773 1161 1830 de
1206 1785 1285 1838 quam
1313 1770 1405 1824 decem
1434 1789 1567 1828 annorum
1598 1771 1684 1843 spatio
1707 1771 1850 1842 exspiret,
1872 1771 1899 1824 sl
1930 1783 2023 1840 partes

335 1849 557 1919 praescriptione.
570 1851 642 1906 Gril.
653 1853 700 1906 tit.
716 1865 739 1906 t.
750 1854 886 1908 observat.
900 1865 977 1907 tem.
993 1855 1159 1926 amusing.
1207 1852 1395 1906 contrahentes
1421 1869 1465 1906 sua
1490 1855 1666 1908 consentione
1692 1870 1769 1908 usum
1794 1853 1834 1906 rei
1857 1852 1891 1906 ad
1916 1850 2023 1908 buno·

336 1942 407 1988 rent.
422 1943 444 1986 t.
459 1935 569 1990 observ·
585 1949 608 1990 t.
620 1936 762 1990 admodum
781 1937 861 1991 dubia
877 1946 1096 2002 res.est,‚ansscrr
1110 1937 1158 1992 ho-
1208 1935 1320 2007 oportum
1339 1936 1540 1990 restrinxeriul·
1557 1935 1622 1993 vid.
1636 1937 1746 1992 Deluer·
1759 1937 1792 1990 de
1803 1933 1956 1992 renunciat.
1964 1953 2023 2007 cup.

340 2015 385 2070 die
410 2033 528 2090 semper,
547 2020 592 2072 nbi
617 2038 666 2093 per
691 2039 743 2075 non
763 2038 838 2075 usum
865 2019 1000 2076 amittitur
1015 2024 1057 2092 jue
1074 2021 1158 2094 quud-
1211 2034 1279 2076 s.·rr.
1295 2031 1336 2074 rt.
1355 2020 1404 2076 Est
1420 2022 1496 2076 euim
1519 2023 1549 2076 iu
1574 2022 1687 2078 arbitrio
1706 2019 1939 2086 contrahentium,
1955 2019 2026 2089 juris

341 2099 418 2166 deur,
437 2101 508 2156 bona
533 2099 601 2156 fides
626 2105 664 2157 sit
687 2105 843 2159 necessaria·
863 2104 915 2160 eet
937 2106 1157 2176 distinguendum
1209 2105 1301 2167 illius,
1318 2103 1388 2175 quod
1408 2103 1438 2158 iu
1448 2121 1486 2160 re
1510 2121 1557 2162 sue
1580 2107 1661 2162 elteri
1680 2103 1844 2168 mortuui,
1863 2103 2025 2162 exercitium

279 2177 284 2186 ’
337 2197 402 2254 puto
408 2204 463 2257 „an
481 2197 574 2260 agatur
586 2186 621 2241 de
635 2203 713 2256 meu,
727 2187 774 2247 ult
787 2201 902 2265 propter
915 2207 1003 2246 meum
1015 2207 1069 2246 uon
1080 2207 1158 2246 usum
1207 2187 1379 2260 reetrirgere.

986 2351 1245 2428 ,ctPttT
1290 2348 1353 2418 lV.

490 2529 548 2597 tte
571 2527 732 2597 remediis
755 2551 823 2595 non
847 2530 957 2596 utenti
969 2523 1147 2598 curtensis
1169 2525 1220 2595 od
1241 2523 1497 2623 impediendam
1519 2527 1737 2598 onrimionern
1754 2527 1862 2620 juris.

565 2701 597 2754 ,δ’
616 2702 644 2756 tt
657 2700 694 2754 ts
706 2700 744 2756 d!
756 2699 785 2754 A
804 2705 868 2762 Μ
883 2701 912 2754 A
1204 2698 1272 2754 tium
1290 2709 1396 2756 actuum
1409 2701 1648 2773 possessoriorum,
1664 2707 1725 2754 utut
1736 2698 1777 2752 illl
1794 2700 1851 2754 sint
1866 2696 2019 2754 irnstrsuei.

1204 2781 1270 2838 Cum
1293 2784 1368 2838 euim
1391 2789 1449 2856 jun
1472 2783 1568 2840 adres
1592 2783 1775 2856 incorporales
1791 2782 1955 2839 releuatus:
1973 2797 2018 2836 res

333 2866 480 2924 Conneoio
494 2866 645 2940 capitino.
660 2881 683 2923 t.
1200 2877 1288 2924 autem
1307 2869 1486 2940 incorporalis
1509 2883 1563 2924 uon
1584 2867 1660 2923 cadat
1681 2867 1732 2922 auo
1757 2883 1864 2922 mesum
1880 2874 2020 2930 nostrum,

332 2951 454 3010 Antistio
465 2967 517 3024 per·
529 2970 585 3006 non
596 2971 672 3010 nsum
684 2951 829 3026 impeditur·
838 2969 892 3024 per
903 2949 1153 3025 sesrcrlr'rtmp'un'a
1203 2949 1260 3004 uisi
1276 2953 1421 3030 exerciti93
1440 2951 1523 3025 igitur
1541 2953 1566 3006 si
1584 2949 1752 3022 negligenter
1769 2951 1842 3005 circs
1858 2952 1917 3023 jum
1934 2945 2020 3002 luisse

367 3046 427 3092 utut
428 3037 632 3107 fturtrcneunr.
648 3056 677 3094 rs.
693 3049 714 3092 t.
775 3045 810 3074 a
1201 3032 1286 3090 rideri
1305 3037 1618 3111 nolumus,propterque
1633 3035 1827 3107 negligentiam
1847 3035 1915 3089 hauc
1927 3031 2019 3088 eedem

330 3117 500 3174 Declaratur
508 3120 644 3190 exemplo.
655 3139 684 3175 rs.
698 3132 722 3174 t.
1202 3119 1323 3190 perdere,
1343 3137 1451 3177 neeesse
1468 3123 1521 3178 erit
1536 3122 1671 3190 eiusmodi
1694 3131 1769 3176 actus
1792 3119 1936 3185 adhibere,
1954 3118 2019 3170 licet

331 3203 415 3260 Ilots'c
428 3202 583 3273 suijt'oitur.
595 3221 623 3258 n.
636 3214 659 3257 t.
1200 3203 1303 3256 nullum
1323 3203 1388 3258 iude
1406 3203 1525 3260 fructum
1543 3220 1643 3276 speres.
1661 3223 1683 3260 e.
1709 3223 1749 3275 gr.
1774 3203 1825 3258 Cui
1841 3206 1883 3276 jus
1901 3200 2016 3259 reusndi
2058 3203 2072 3246 Ι

330 3287 396 3340 Nou
410 3301 473 3342 usrss
483 3305 541 3340 uon
548 3289 741 3360 praesumitur·
752 3306 781 3342 n.
794 3299 818 3344 t.
1199 3287 1229 3341 ln
1245 3287 1356 3342 alterius
1368 3286 1457 3343 duodo
1472 3289 1620 3359 qusesituru
1638 3299 1692 3356 est,
1704 3306 1740 3344 ue
1755 3287 1824 3342 illud
1843 3305 1896 3343 uon
1915 3286 2015 3341 mendo

331 3369 391 3423 Per
406 3367 502 3422 literar
515 3371 664 3432 reuerentes
676 3372 933 3444 stprctestotr'oner
951 3371 1064 3429 ornr'sst'c
1078 3373 1149 3446 iuris
1197 3375 1318 3440 amittat,
1337 3373 1430 3430 renari
1456 3373 1572 3445 poterit,
1587 3373 1654 3431 licet
1677 3383 1748 3430 uento
1772 3373 1855 3444 sciat,
1872 3373 1959 3426 uullss
1982 3373 2014 3426 iu

365 3455 519 3524 r'errpeds'ttsr·
532 3472 559 3514 tr.
574 3469 598 3510 t.
1198 3457 1246 3512 illo
1268 3456 1354 3512 iuudu
1377 3457 1480 3514 latitare
1504 3457 1589 3527 seres,
1607 3459 1652 3514 Er
1673 3458 1727 3514 too
1745 3459 1851 3536 juger,
1869 3457 1903 3513 ub
1927 3455 2015 3529 goiet

336 3535 503 3606 urerndopar
519 3538 660 3609 elinantius
669 3548 794 3596 nostrum
809 3555 869 3594 nou
881 3539 1036 3594 omittimus.
1051 3555 1078 3592 n.
1093 3546 1119 3596 t.
1197 3543 1284 3598 nictlts
1305 3542 1475 3599 verbanden.
1487 3541 1555 3597 Cum
1572 3543 1659 3611 enirn,
1676 3543 1717 3598 uti
1736 3541 1768 3597 ad
1788 3559 1912 3598 neutum
1928 3539 2015 3596 ferme
2053 3555 2069 3598 t

329 3623 380 3678 An
392 3635 561 3689 procurator
573 3642 631 3680 rron
644 3625 744 3684 mundo
756 3621 872 3679 domino
882 3619 1146 3696 praejudicatus.
1195 3631 1400 3698 inmlcasimus,
1417 3649 1472 3687 nou
1494 3647 1558 3686 usus
1576 3631 1645 3704 juris
1667 3631 1774 3694 tacitam
1794 3631 1857 3699 ejus
1874 3625 2013 3682 muncia-

329 3704 513 3778 Affirmotr‘co
525 3709 687 3779 defendetur.
702 3726 731 3763 n·
745 3720 770 3762 s.
1196 3716 1296 3768 tionem
1314 3714 1427 3783 inirent,
1438 3731 1475 3771 es
1497 3725 1571 3770 ees-te
1588 3731 1643 3769 uuu
1667 3714 1803 3785 praesumi
1828 3709 1946 3784 poterit,
1964 3709 2012 3763 uhi

329 3787 473 3846 limitatio
483 3791 633 3862 subjicitur.
647 3805 733 3848 n.tt.
1196 3799 1372 3865 exercitium,
1384 3809 1413 3854 et
1425 3797 1465 3853 sle
1482 3797 1521 3852 rei
1538 3798 1637 3853 reritas
1649 3797 1702 3869 ipsi
1721 3796 1817 3851 obstat.
1837 3791 2015 3865 Quemadruu·
2052 3809 2066 3850 s

330 3877 381 3932 Au
400 3873 522 3934 ministri
529 3875 659 3948 principis
676 3893 734 3930 acrr
746 3875 846 3932 atomo
860 3873 1051 3949 prueiuds‘osrrt
1067 3872 1145 3944 pn'n·
1196 3883 1260 3936 dum
1273 3892 1297 3938 et
1315 3881 1343 3935 irs
1362 3897 1460 3953 genere
1478 3881 1617 3936 sciendum
1629 3890 1683 3948 est,
1698 3879 1888 3950 negligentium
1899 3876 2014 3946 alicujus

356 3957 438 4026 ,σὶρὶΐ
449 3979 477 4020 m
495 3970 535 4018 tt.
656 3989 659 3996 ·
1195 3965 1226 4021 iu
1244 3983 1297 4020 nou
1316 3965 1415 4020 utendo
1435 3985 1488 4022 non
1507 3965 1658 4038 prsesmui,
1677 3964 1724 4018 sed
1750 3962 1875 4034 alleganti
1893 3979 1951 4016 eam
1968 3960 2013 4014 in-

329 4043 463 4100 Distt'ucte
472 4043 656 4116 respondetur.
666 4065 694 4098 rs.
716 4057 758 4102 st.
766 4065 840 4120 seqq:
1194 4051 1319 4106 cumbere
1328 4049 1512 4122 probetiouem
1521 4085 1529 4116 ,
1539 4047 1640 4105 conier-
1651 4047 1784 4103 dlascard.
1797 4046 1830 4101 de
1840 4043 1947 4116 protae
1960 4043 2012 4098 rod.

330 4128 524 4184 Annouusus
533 4129 928 4202 murriiuelvcuollilnoceat
941 4128 1146 4186 aecriueidc·
1198 4145 1222 4188 t.
1233 4135 1354 4190 conclus.
1369 4144 1489 4190 tostae
1512 4141 1536 4194 t.
1552 4142 1581 4188 et
1590 4148 1664 4206 seqq.
1676 4133 1736 4186 line
1752 4131 1835 4187 etlam
1852 4137 1973 4201 spectant
1985 4137 2009 4180 t.
2049 4130 2065 4171 ⁶

365 4212 501 4268 minoio.
517 4227 558 4268 ts.
1194 4215 1260 4270 duae
1278 4217 1340 4272 illae
1359 4217 1491 4283 cautelse,
1509 4232 1609 4288 quaer
1634 4215 1678 4270 dd
1702 4212 1885 4270 commendeti
1907 4210 2009 4276 solent,

331 4295 474 4352 iictitutio
486 4298 517 4354 in
526 4298 661 4370 integrum
674 4317 713 4355 on
724 4307 821 4356 contro
833 4311 890 4354 troo
903 4315 979 4356 usum
992 4299 1082 4354 locum
1094 4299 1146 4356 lto·
1193 4299 1300 4355 scilicet
1317 4311 1345 4356 ut
1358 4301 1420 4372 quis
1440 4301 1481 4356 rel
1498 4299 1588 4354 literas
1606 4299 1752 4354 rererssles
1764 4298 1851 4368 exigat
1860 4295 1893 4351 ab
1910 4296 2010 4358 altero,

359 4381 449 4438 ¹beret?
461 4399 487 4436 n.
503 4393 544 4438 te.
560 4396 599 4439 tt.
1194 4385 1236 4441 rel
1260 4383 1479 4458 protestationem
1503 4383 1673 4453 interponat,
1692 4397 1721 4436 se
1745 4395 1799 4434 non
1824 4377 1924 4434 utendo
1941 4378 2013 4434 nolle

328 4471 448 4537 Propter
469 4469 624 4530 ceremiam
640 4468 807 4526 decennium
824 4465 1028 4537 duplicandum.
1050 4483 1081 4522 tr.
1103 4477 1142 4524 te
1194 4469 1248 4540 iuri
1267 4487 1314 4526 suo
1332 4469 1508 4534 renunciare,
1520 4465 1662 4538 dequibus
1676 4474 1762 4519 temen
1780 4467 1835 4534 jam
1854 4472 1910 4518 turn
1928 4477 2010 4534 supra

364 4568 436 4625 seqq.
1193 4572 1253 4626 cop.
1273 4569 1297 4612 t.
1314 4573 1342 4608 n.
1364 4566 1406 4610 tt.
1423 4569 1497 4626 seqq.
1514 4567 1557 4606 me
1575 4550 1661 4621 egisse
1677 4546 1800 4603 memini.

331 4633 538 4706 stmpvtedrllt'
547 4654 604 4694 trun
619 4649 683 4693 ΜΝ
700 4633 801 4708 Oppvnt'
811 4632 911 4706 nequii·
925 4651 953 4688 rt.
968 4639 1011 4686 Ν·
1228 4639 1389 4695 Remedium
1407 4637 1516 4711 eliquod
1534 4633 1651 4707 suggerit
1670 4645 1694 4688 s.
1713 4634 1731 4686 l.
1752 4642 1795 4686 tu.
1805 4627 2010 4702 ffiqoernudm.
2048 4635 2062 4676 ²

359 4769 362 4776 .
1189 4739 1263 4780 sero.
1273 4726 1360 4781 omitt.
1372 4733 1404 4778 ut
1415 4724 1473 4777 scil.
1484 4724 1527 4792 jus
1545 4730 1666 4773 nostrum
1679 4715 1842 4772 retineamus
1852 4729 1901 4788 per
1912 4731 2007 4778 nsum,

329 4755 415 4862 Non
434 4821 509 4861 usum
530 4805 703 4861 emissionem
718 4805 788 4875 iuris
806 4815 869 4878 post
894 4821 923 4860 se
942 4803 1047 4858 trahere
1064 4818 1143 4872 saepe
1191 4825 1270 4882 quem
1287 4809 1355 4862 alius
1373 4814 1468 4860 nostro
1484 4801 1595 4858 numine
1612 4799 1738 4866 adhibet,
1757 4807 1820 4871 puta
1838 4795 1942 4862 uoloni,
1962 4797 2008 4852 lu·

326 4893 452 4944 hacteuus
470 4890 629 4946 monuimus.
646 4893 744 4948 Verum
762 4906 821 4944 cum
845 4892 904 4958 jura
922 4898 1011 4942 nostra
1029 4903 1084 4941 nou
1101 4903 1142 4940 ru-
1191 4895 1288 4965 spitis,
1301 4891 1442 4950 leuctmrii
1461 4899 1511 4944 etc.
1530 4882 1759 4957 Quemadmodum
1777 4882 1851 4935 enim
1869 4881 1951 4946 etism
1965 4881 2012 4934 ille

326 4976 384 5029 lum
402 4973 482 5038 aitis,
500 4990 568 5044 quae
580 4983 674 5028 contra
696 4972 841 5026 utilitatem
860 4969 993 5042 publicam
1014 4968 1142 5038 tendunt,
1191 4975 1322 5046 putridos,
1341 4973 1534 5046 cujusnomine
1545 4967 1699 5044 possidetur
1712 4983 1829 5038 percup-
1841 4965 1867 5019 sr'
1877 4964 2009 5038 diligenti.
2094 4981 2098 4996 ·

327 5057 437 5128 punire,
456 5053 502 5109 sed
521 5067 547 5111 et
564 5055 655 5112 modos
670 5072 703 5110 ac
727 5056 845 5111 rationes
862 5053 1031 5126 remediaque
1048 5069 1142 5124 sugge-
1194 5072 1233 5113 tt.
1253 5057 1334 5116 Me
1350 5059 1508 5128 praescript,
1523 5062 1553 5110 et
1570 5053 1617 5126 qui
1635 5067 1686 5124 per
1704 5051 1786 5106 alium
1806 5049 1935 5122 possidet,
1949 5051 2009 5126 ipse

326 5154 403 5208 rant,
416 5141 512 5213 quibus
524 5157 579 5194 non
597 5139 661 5195 vitiu
680 5143 764 5198 solum
782 5141 918 5196 declinam
933 5138 1082 5212 possimus,
1095 5141 1142 5194 sed
1191 5143 1327 5215 possidere
1341 5142 1521 5213 intelligitur,
1539 5155 1600 5209 cop.
1613 5153 1676 5192 eum
1689 5136 1820 5192 uenisset.
1841 5147 1866 5187 s.
1877 5135 1915 5188 Χ.
1924 5135 1958 5192 de
1969 5151 2011 5188 rr·

325 5239 353 5283 et
369 5227 439 5281 circa
456 5242 566 5300 poenam
585 5223 715 5281 iueadem
732 5234 856 5282 autorum
873 5217 1024 5295 dispensari
1042 5223 1141 5290 osten,
1189 5229 1244 5282 rtr't.
1256 5226 1366 5298 spoliat.
1378 5225 1417 5280 ite
1434 5237 1459 5280 et
1476 5223 1501 5277 ia
1518 5223 1556 5278 uti
1574 5221 1679 5279 ridetur
1697 5221 1757 5288 jure
1776 5217 1880 5288 uliquc,
1895 5218 1943 5288 qui
1958 5235 2009 5290 per

325 5309 461 5365 coronidis
479 5310 536 5364 luco
552 5309 594 5364 tel
610 5307 712 5364 duobus
729 5309 819 5362 saltim
841 5307 947 5377 serbis,
965 5321 1032 5377 quae
1048 5315 1140 5362 eontra
1190 5311 1273 5364 elium
1288 5311 1386 5364 utitur.
1403 5311 1505 5364 Verum
1524 5322 1584 5361 cum
1603 5302 1768 5364 dixerimus,
1783 5318 1859 5356 usum
1877 5301 2005 5368 alterius,
2047 5309 2062 5349 t

326 5413 380 5450 uon
398 5411 475 5452 usum
492 5391 649 5448 ridebantur
667 5392 769 5448 inreuts
786 5407 861 5458 esse,
879 5391 1051 5459 ettingemus.
1187 5394 1234 5465 qui
1254 5403 1345 5447 nostro
1362 5393 1471 5448 nomine
1488 5391 1586 5456 utitur,
1605 5387 1683 5442 uobis
1705 5385 1786 5441 adid
1809 5383 1954 5458 prodesse,
1973 5405 2006 5442 ne

274 5499 287 5540 2
362 5477 559 5549 Distinguimus
576 5485 663 5530 auteur
682 5475 798 5530 remedia
809 5477 877 5531 herc
890 5475 919 5528 iu
934 5475 997 5540 ille,
1011 5488 1076 5544 quae
1087 5491 1139 5528 nou
1189 5494 1243 5532 uon
1268 5478 1382 5544 nsujus
1406 5485 1528 5529 nostrum
1552 5471 1724 5538 amittemus,
1749 5487 1803 5526 uon
1834 5470 2007 5528 incommode

327 5577 388 5614 utut
406 5579 518 5632 poenam
536 5559 705 5630 irrogandam
724 5561 894 5630 impediunt,
906 5571 932 5614 et
949 5559 979 5614 iu
997 5558 1059 5624 illu,
1072 5577 1138 5630 quer
1187 5563 1341 5634 quaeritur.-
1358 5579 1392 5616 su
1411 5559 1492 5615 etiam
1510 5557 1593 5624 alins,
1611 5558 1657 5630 qui
1682 5567 1772 5611 nostro
1797 5554 1909 5608 nomine
1926 5555 1958 5610 in
1977 5571 2007 5610 re

257 5691 260 5702 ,
325 5645 467 5716 irrogatam
486 5661 576 5702 rursus
596 5645 697 5700 tollunt.
717 5644 756 5696 tt
776 5645 821 5698 ills
840 5645 959 5716 pertinet
982 5657 1003 5698 s.
1022 5643 1132 5698 Exeroi·
1187 5649 1274 5704 ulieua
1291 5645 1412 5721 quaesito
1431 5643 1470 5701 uti
1486 5641 1615 5712 debebit,
1634 5658 1687 5698 nou
1705 5637 1803 5694 utendo
1826 5635 1905 5692 nobis
1923 5655 2002 5712 prue-
