4348 6282
197 305 265 362 ...3
618 368 623 377 ,
642 308 707 364 ¹na
726 307 852 367 333333
870 305 1087 367 3333333333
1108 295 1305 364 maturum.
1718 315 1788 378 ...3

142 417 196 454 nen
211 401 316 466 113333,
330 397 398 452 oder
406 398 525 455 13313333
537 422 564 458 es
575 401 671 469 einen,
683 405 743 458 sein
759 405 906 460 Vornmnd
917 407 971 460 3311
1019 424 1054 458 zu
1072 405 1235 474 1133333335
1247 406 1296 458 3133
1314 403 1452 460 1131333333
1463 407 1621 480 3333131333
1640 407 1755 464 werden.
1767 427 1795 462 u.
1815 427 1838 466 r.

14 519 15 552 3
146 484 198 538 11311
212 482 321 538 &mem
335 483 970 562 3311133331333-6313,333333]33313333
1019 508 1051 544 w.
1071 489 1153 540 Elin
1173 488 1258 541 simili
1277 505 1338 542 3333
1356 509 1393 543 an
1413 493 1495 544 Hans
1508 493 1643 544 Denerten
1657 511 1690 546 au
1710 493 1837 559 learnita,
1875 495 1906 541 31

14 603 15 632 ,
67 565 100 607 ⁸⁷
142 565 237 619 1333133
250 565 334 620 mir-d:
354 566 399 619 3131
418 570 674 644 quamsisapoena
689 577 819 644 corporali
840 577 967 632 linquunt,
1019 570 1543 642 3313133.3333333113331313331333
1563 575 1768 645 responderunt.

14 685 16 722 q
141 650 330 721 pmnuncietur
349 649 570 718 131333,31311333
584 667 672 710 tamen
686 660 840 728 Werigeiili
855 681 967 732 poenam
1054 654 1282 724 Quemadmodum
1304 673 1364 708 3333
1383 658 1456 710 333113
1474 659 1561 726 regula
1583 669 1633 712 tam
1648 656 1729 713 lirrno
1746 659 1839 716 nititur
1876 659 1908 704 31

14 771 16 804 ,
67 734 102 773 ⁸²*
141 735 231 789 subire
248 735 372 804 jubetur:
399 738 588 807 Werigeldnna
608 743 679 795 enim
699 761 815 814 poenae,
841 765 892 800 110„
911 751 968 816 eju,
1017 739 1102 808 pede,
1128 750 1157 792 nt
1182 755 1236 790 non
1260 739 1419 810 quandoque
1444 743 1558 811 patiatur
1575 743 1780 811 exceptionem,
1799 744 1838 798 133

14 847 17 890 q
142 819 212 890 quod
230 819 346 874 13333333
363 821 474 886 saltem,
494 823 602 877 nomine
620 825 683 877 aulai
694 863 702 890 ,
718 835 831 882 testatur
842 828 967 900 Carpaos.
1017 839 1065 875 ¹¹0⁰
1085 822 1147 876 13301
1166 833 1271 888 11011133
1290 839 1367 892 quam
1388 823 1421 877 ¹¹²
1440 822 1597 894 impunitate
1615 823 1750 878 infimum
1763 825 1839 879 dedi·

14 943 17 974 Ι
142 924 167 966 ρ.
185 915 206 956 t.
219 921 247 974 q.
261 914 304 958 33.
318 923 347 958 33.
364 915 404 957 33.
422 921 496 978 seqq.
511 908 708 962 Schneidewin,
721 913 757 965 aa
770 921 789 964 ι,
802 913 864 968 ime,
879 915 911 968 ,10
925 917 966 967 ,·,,.
1018 923 1090 972 mus,
1109 907 1205 975 absque
1223 906 1386 959 limitatione
1397 905 1499 959 dimitti
1514 907 1621 977 poterit.
1641 907 1750 962 Scilicet
1770 916 1839 960 33333·
1876 917 1908 957 33

14 1015 17 1062 q
140 984 536 1057 13111311331333331333333.
551 990 654 1059 3.13ι]ἶ
1017 992 1067 1044 3331
1085 991 1114 1043 13
1132 991 1267 1062 plerisque
1284 991 1413 1056 ejusmodi
1434 990 1537 1043 tenellis
1562 999 1664 1042 3333333
1690 989 1838 1044 33133133·

14 1099 17 1146 q
69 1091 104 1130 33
183 1073 283 1122 Verum
302 1071 375 1122 euim
395 1089 471 1136 3333,
491 1090 525 1127 ne
542 1075 574 1126 ad
595 1065 748 1145 werigeldi
766 1075 874 1146 quidem
894 1094 967 1130 exso·
1018 1075 1068 1127 bur
1086 1076 1203 1128 nondum
1223 1073 1451 1145 deprehendatur,
1470 1085 1500 1128 ut
1512 1074 1623 1128 solidius
1636 1076 1670 1129 de
1683 1087 1741 1130 3333
1752 1078 1840 1147 aliquo

147 1153 276 1207 lutiouem
295 1153 436 1219 1331333333,
449 1157 552 1225 qualem
569 1158 692 1214 [33333333
706 1163 904 1230 supposuimus,
918 1163 965 1215 ob·
1017 1159 1179 1225 deliberare,
1198 1159 1314 1228 adeoque
1331 1168 1376 1211 333
1395 1159 1449 1211 doli
1469 1171 1512 1212 aut
1530 1160 1622 1230 eulpae
1639 1162 1840 1232 partieipesra-

75 1261 109 1299 33
151 1239 967 1312 3331333333313,33313333363333333333133,1331333133
1017 1244 1088 1296 leant
1106 1245 1243 1314 reputari:
1263 1243 1441 1296 nibilominus
1455 1245 1477 1296 si
1490 1243 1572 1312 judici
1591 1243 1760 1314 perspicua
1775 1245 1840 1298 satis

147 1327 315 1377 1333333333
334 1323 441 1390 deberi,
461 1327 513 1379 nisi
534 1325 562 1378 in
581 1328 719 1382 3331133333
736 1331 812 1400 eulpa
830 1332 967 1399 quaedam,
1019 1327 1161 1394 reddatur,
1175 1326 1300 1380 infantem
1319 1326 1458 1395 quemdam
1477 1337 1584 1396 praeter
1601 1327 1705 1382 solitum
1724 1329 1841 1380 sersutia

144 1415 337 1478 quantaquaala
355 1409 468 1464 tamdem
482 1411 528 1462 iiia
542 1409 636 1477 133313,
650 1415 837 1484 praecesserim
856 1415 890 1468 uti
905 1432 966 1485 pro·
1017 1412 1130 1482 pollere,
1145 1421 1173 1465 et
1184 1412 1327 1482 qualiquali
1340 1413 1392 1479 jam
1408 1411 1545 1464 3331131333
1557 1410 1728 1482 delinquendi
1742 1411 1840 1482 capani-

75 1507 108 1549 33
151 1490 296 1562 balCarpa.
312 1509 341 1560 p.
358 1505 675 1567 t.qu.²t.n.5t.seqq.
687 1497 859 1568 quamobrem
874 1500 900 1550 13
917 1501 961 1552 bo·
1018 1507 1070 1550 late
1087 1513 1150 1566 prae
1167 1497 1228 1550 aliis
1247 1496 1375 1549 eminere:
1404 1499 1463 1566 ejus
1485 1496 1597 1550 arbitrio
1622 1496 1778 1565 relinquunt
1796 1495 1840 1547 dd.

144 1573 256 1630 minidio
275 1593 348 1630 33333
365 1578 461 1630 3333311
480 1580 504 1630 31
524 1579 595 1632 loeus
614 1597 668 1633 333
679 1579 770 1642 datur,
782 1581 871 1636 Nuria.
885 1583 968 1639 addit.
1018 1599 1051 1634 an
1070 1583 1150 1635 talem
1169 1583 1266 1635 1331331
1283 1581 1370 1650 aliqua
1389 1597 1491 1651 poena,
1511 1580 1707 1648 3133331333.
1728 1589 1772 1632 aut
1788 1579 1841 1633 rir-

145 1655 218 1729 3315.
233 1663 336 1716 3113
349 1660 401 1730 leg.
411 1681 456 1733 aq.
469 1663 723 1721 ualentissimae.
736 1685 845 1738 synape.
857 1670 882 1723 d.
896 1679 914 1720 3.
928 1671 968 1722 lit.
1017 1681 1125 1734 garum,
1146 1668 1173 1719 in
1194 1682 1297 1720 earcere
1317 1675 1422 1730 tamen,
1443 1681 1495 1716 non
1510 1663 1606 1717 131333
1618 1663 1725 1733 publiea
1738 1662 1788 1733 ipsi
1804 1663 1840 1716 ia·

132 1742 165 1811 ji
176 1743 251 1798 verb.
265 1745 411 1802 homicidio
426 1751 538 1804 causali.
558 1753 679 1825 Philipp.
698 1753 737 1808 ad
756 1755 817 1810 inst.
836 1758 854 1810 1.
869 1766 893 1807 t.
906 1757 969 1810 3331.
1020 1751 1194 1822 rogandarum
1207 1786 1215 1816 ,
1232 1747 1341 1803 31113333
1359 1749 1437 1803 331133
1457 1746 1493 1801 331
1513 1746 1602 1799 sidere
1614 1756 1655 1800 est
1666 1744 1736 1816 apud
1747 1745 1839 1815 Carpo.

148 1839 188 1881 33.
209 1846 239 1881 33.
258 1842 282 1882 3.
299 1846 375 1904 seqq.
392 1833 453 1888 11333
471 1825 617 1890 dissentire
636 1839 754 1894 rideatur
776 1841 882 1894 Molles.
898 1861 925 1912 p.
947 1853 968 1894 3.
1016 1855 1043 1904 p.
1064 1851 1088 1889 3.
1107 1857 1132 1908 q.
1148 1848 1207 1891 333.
1226 1855 1254 1890 33.
1276 1845 1315 1889 33.
1334 1853 1408 1906 seqq.
1422 1833 1512 1886 Faria.
1524 1848 1568 1902 pr.
1580 1849 1617 1886 er.
1630 1833 1785 1904 detemper.
1797 1853 1841 1902 qu.

143 1921 228 1964 canat.
251 1922 290 1966 tt.
309 1933 335 1968 n.
357 1928 380 1969 3.
399 1919 533 1974 Wesenb.
550 1934 645 1990 parnt.
656 1923 724 1976 3311.
737 1941 812 1978 narn.
832 1925 864 1978 de
881 1925 929 1977 313.
942 1945 970 1976 n.
1021 1931 1062 1975 33.
1082 1941 1107 1975 n.
1128 1932 1171 1975 33.
1184 1923 1252 1975 11333
1263 1921 1363 1974 etenim
1382 1919 1417 1972 313
1430 1917 1486 1983 his,
1499 1933 1566 1988 quae
1578 1918 1658 1970 333331
1671 1927 1715 1972 333
1728 1921 1838 1984 iterans,

68 2003 103 2048 33
146 2005 188 2048 33.
206 1997 295 2070 ibique
309 2001 397 2056 113133.
416 2006 479 2058 1333
498 2023 558 2059 sem
577 2007 606 2060 in
624 2007 727 2062 infante
747 2027 780 2062 ne
798 2011 971 2080 3313313331-
1021 2015 1047 2060 33
1060 2007 1099 2060 313
1111 2007 1256 2061 3331333313
1268 2005 1443 2073 contingunt,
1457 2004 1527 2072 leges
1538 2003 1693 2074 plerumque
1701 1998 1840 2067 3131131333,

144 2077 203 2132 31333
222 2083 361 2151 reperiri,
384 2102 464 2156 supra
487 2088 648 2144 docuimus:
671 2105 829 2164 quapropter
853 2105 880 2148 et
903 2097 971 2151 haim
1020 2090 1037 2142 1.
1059 2103 1082 2143 3.
1100 2108 1175 2161 seqq.
1192 2091 1220 2143 d.
1240 2087 1273 2142 de
1291 2090 1319 2140 11.
1339 2087 1480 2158 prudentis
1500 2097 1587 2142 tamen
1605 2085 1702 2156 jndiois
1726 2086 1840 2142 arbitrio

70 2175 104 2215 33
145 2164 239 2234 culpae
257 2183 368 2237 poenam
386 2187 489 2227 cessare
506 2173 646 2244 oportebit.
672 2175 785 2231 Tertum
811 2197 871 2234 3333
895 2179 969 2233 illum
1021 2185 1160 2245 eapropter
1177 2175 1329 2246 neutiquam
1348 2175 1498 2242 ademptum
1523 2180 1575 2236 est,
1600 2170 1841 2225 extraordinariam

146 2249 214 2317 iuris
231 2251 348 2306 33303131
361 2253 430 2324 quod
443 2257 558 2325 attinet,
577 2259 713 2312 sciendum
727 2273 778 2326 est,
791 2280 881 2317 sonem
896 2265 973 2319 Kind
1020 2259 1099 2314 alicui
1119 2277 1232 2329 poenam
1243 2257 1360 2324 dictare,
1373 2255 1499 2327 aequitati
1513 2271 1542 2308 33
1551 2257 1671 2323 justitiae
1682 2256 1841 2327 aequilibrio

153 2333 192 2387 ibi
208 2351 261 2388 333
274 2335 449 2410 aequipollere
460 2340 573 2412 infanti,
588 2343 692 2412 qualem
706 2345 750 2398 1313
762 2345 971 2416 indigitasimus,
1021 2345 1233 2408 conuenientem,
1252 2343 1387 2414 siquidem
1406 2341 1435 2394 id
1454 2357 1496 2393 res
1519 2351 1563 2395 aut
1588 2340 1843 2398 circumstantiarum

145 2416 192 2472 sed
210 2417 330 2474 latiorem
350 2437 427 2490 3333,
454 2433 482 2478 33
505 2424 538 2478 do
562 2426 609 2480 illo
626 2429 707 2482 etiam
727 2431 896 2501 praedicari,
923 2435 970 2504 qui
1019 2431 1159 2503 qualitates
1177 2443 1320 2499 exposcere
1338 2423 1568 2484 311333333111.
1587 2423 1712 2496 Carpant.
1730 2443 1758 2496 p.
1779 2437 1840 2498 aq.

69 2515 105 2562 33
145 2499 280 2571 pubertati
298 2504 350 2570 jam
369 2507 508 2577 proximus
526 2521 578 2564 est:
598 2513 631 2565 de
649 2530 701 2584 qno
715 2515 826 2585 proinde
839 2516 919 2571 unice
932 2527 970 2572 te·
1024 2527 1080 2568 333·
1100 2533 1127 2568 n·
1151 2527 1171 2568 t.
1189 2530 1260 2586 3333·

145 2594 220 2638 atum
239 2586 315 2642 illum
334 2591 516 2661 accipiendum
534 2611 604 2664 3333,
626 2598 727 2665 njnris
745 2599 867 2654 saxonici
886 2600 969 2657 inter.
1054 2597 1208 2664 caeterum,
1227 2597 1288 2668 quia
1306 2600 1359 2666 jam
1378 2595 1548 2668 praecedeuti
1566 2593 1653 2668 eapite
1670 2597 1839 2662 monuimus,

144 2671 266 2739 pretibas
283 2673 440 2742 jamdudum
457 2689 608 2734 annotatum
626 2679 695 2746 1313,
714 2681 809 2753 Carpi.
824 2703 853 2756 p.
881 2696 906 2739 3.
923 2706 968 2756 qu.
1018 2699 1067 2736 nos
1086 2682 1210 2736 borloso
1229 2683 1318 2736 saltem
1340 2689 1445 2734 3333333
1462 2681 1496 2736 de
1515 2681 1609 2752 poenis
1623 2683 1787 2752 snagistratus
1799 2699 1842 2736 au·

70 2765 107 2812 33
152 2763 210 2807 333.
235 2771 264 2808 33.
294 2766 334 2810 33.
357 2774 430 2830 seqq.
453 2760 584 2832 Colenp.
607 2777 629 2818 3.
649 2764 705 2818 dee.
735 2775 793 2820 333.
815 2786 843 2820 n.
868 2781 891 2821 3.
916 2771 969 2824 1333
1021 2768 1143 2821 333313333
1160 2766 1341 2839 applicandis:
1361 2765 1421 2820 iden
1435 2783 1488 2820 333
1502 2765 1557 2818 3313
1569 2783 1736 2837 opua,nuna
1750 2767 1842 2822 multis

142 2851 205 2890 sara
222 2847 306 2894 aetate
326 2840 445 2897 33133333
465 2847 546 2901 etiam
573 2865 587 2899 3
611 2849 766 2922 Werigeldi
791 2854 970 2923 praestatione
1019 2852 1185 2922 disquirere,
1205 2871 1238 2907 33
1253 2851 1433 2907 coercitiones
1447 2850 1606 2906 domesticae
1618 2852 1841 2922 scholasticaeqne

143 2918 254 3016 omnino
272 2922 405 2980 immunes
423 2945 499 2996 3333,
524 2932 664 3002 aliquoties
681 2923 891 3006 pronunciarunt
909 2957 968 2992 ma·
1018 2935 1558 3010 iniuiaulumpersonalaouminveniant:
1570 2953 1633 3008 quas
1649 2938 1840 3007 tantominus,

141 3004 224 3074 gnpffl
237 3005 302 3061 dnn.
324 3011 431 3066 scabini
445 3013 600 3084 lipsienses,
624 3018 664 3070 ati
691 3019 724 3072 ad
747 3021 967 3075 consultationem
1017 3030 1074 3076 333
1096 3023 1203 3076 33331113
1221 3021 1283 3075 istis
1297 3019 1470 3075 removendas
1481 3019 1685 3084 existimemus,
1704 3031 1735 3074 ut
1752 3023 1841 3094 potius

149 3088 198 3144 der
219 3090 434 3150 Saudo-Gerntre
451 3116 485 3154 su
502 3101 620 3167 Zs'ttau,
647 3121 681 3157 m.
705 3121 764 3172 ang.
787 3115 863 3157 3333.
880 3107 967 3162 uerba
1018 3121 1174 3178 persuasum
1194 3106 1348 3171 babeamus,
1375 3104 1576 3173 castigationem
1596 3105 1688 3171 satan,
1708 3107 1842 3160 1131013111

70 3194 107 3238 η
147 3184 225 3228 sent:
246 3175 362 3234 Diemeii
372 3181 438 3236 ader
448 3180 589 3253 denuost,
607 3187 657 3240 der
672 3188 789 3243 11333333
797 3189 869 3245 naals
879 3194 968 3244 3313333
1017 3193 1175 3246 discretione
1192 3189 1361 3254 adhibeatur,
1381 3185 1444 3242 buia
1460 3185 1541 3241 aelati
1567 3188 1665 3257 magis,
1690 3207 1769 3260 quarn
1794 3191 1843 3244 uili

150 3260 248 3313 Verere
266 3261 393 3330 Berialit,
409 3267 451 3320 als
463 3285 494 3320 er
504 3269 590 3324 dieser
615 3271 770 3342 13333333,
789 3274 840 3326 rias
855 3277 967 3330 3.]3113
1016 3277 1078 3343 3111,
1097 3271 1240 3346 proficuam
1259 3272 1382 3328 eradere:
1399 3273 1464 3326 13333
1483 3273 1557 3328 enim
1567 3273 1842 3332 331333333331331·

144 3342 231 3398 331333
242 3346 822 3426 ,1133333331311331333313313333331313,
836 3357 964 3411 andalao
1017 3362 1083 3412 tium
1101 3359 1189 3428 deniq
1209 3360 1248 3410 133
1267 3358 1289 3411 31
1307 3359 1372 3426 justa
1392 3357 1572 3414 moderatione
1584 3373 1729 3428 poenarum
1747 3379 1762 3414 3
1780 3377 1843 3430 per·

145 3429 214 3483 33313
232 3432 278 3484 313
297 3427 385 3500 sind,
405 3437 515 3492 melotes
532 3436 617 3494 durela
635 3439 734 3494 delicta
750 3441 808 3495 sein
823 3441 891 3496 Laid
910 3444 968 3498 und
1015 3461 1088 3500 serso
1094 3482 1103 3509 ,
1123 3461 1174 3516 qno
1195 3441 1357 3507 inclinabat,
1375 3444 1483 3498 tramite
1494 3453 1729 3507 revocatumunto
1742 3447 1839 3499 rectius
1938 3499 1939 3502 ,

144 3518 237 3574 aetna
255 3519 330 3574 31313
342 3521 843 3591 331313313313333333131333313333
855 3531 965 3584 11331333-
1014 3537 1107 3598 postea
1126 3527 1155 3580 13
1175 3527 1306 3580 virtutum
1326 3525 1410 3580 stadio
1430 3526 1612 3596 percurrendo
1630 3528 1731 3599 pertita
1750 3538 1841 3584 333333

145 3603 250 3660 aenne
261 3607 404 3681 dleynung
415 3611 502 3676 33313,
521 3629 599 3667 menn
613 3629 643 3665 es
659 3613 733 3668 313133
750 3613 887 3682 pubertati
900 3633 964 3687 pro·
1014 3621 1082 3667 33333
1100 3629 1150 3682 pro
1166 3611 1256 3665 lubitu
1274 3607 1426 3680 finguntur,
1443 3629 1511 3682 qnae
1529 3611 1593 3665 dara
1611 3621 1640 3666 et
1658 3613 1841 3670 intractabilia

145 3686 252 3756 nimiu,
271 3693 300 3744 in
319 3693 618 3764 Enrteitungsuooten
638 3698 712 3750 313133
724 3699 830 3752 einmal
849 3717 883 3753 33
908 3701 962 3756 Be·
1014 3695 1038 3749 31
1057 3695 1166 3751 eradere
1183 3695 1307 3768 patiaris,
1320 3711 1427 3750 3333333
1440 3695 1547 3768 pastinat
1561 3696 1778 3754 331333333133333
1798 3717 1840 3755 re·

146 3771 266 3844 salalung
277 3775 324 3828 dea
341 3778 511 3849 Welrrgeides
523 3779 657 3835 3331333313
668 3791 716 3834 333.
728 3780 766 3835 So
780 3798 845 3853 mag
856 3800 891 3835 er
904 3785 965 3836 dea·
1016 3789 1121 3853 spoeat.
1478 3793 1483 3800 '

147 3873 240 3927 magen
254 3857 303 3914 mit
315 3859 422 3934 einiger
433 3862 538 3934 d'traffe
556 3865 631 3921 nebit
643 3865 756 3937 deleget,
778 3865 830 3922 aiei
847 3867 965 3937 weniger

820 4015 1068 4092 CAPUT
1113 4014 1181 4086 111.

542 4187 598 4253 Da
619 4189 743 4279 poenis
766 4185 976 4278 impuberum
1000 4189 1176 4284 infantiae
1194 4187 1443 4280 proaeimorum.

379 4356 400 4408 S
420 4359 448 4413 v
465 4360 502 4414 11
515 4360 552 4413 11
565 4359 593 4412 A
611 4361 675 4414 111
691 4360 721 4412 Α
1012 4362 1083 4416 11311
1096 4371 1187 4415 tamen
1205 4357 1330 4414 nondam
1348 4370 1413 4418 sunt
1428 4374 1551 4430 espanes.
1569 4377 1597 4412 n.
1617 4369 1659 4414 33.
1678 4377 1752 4432 seqq.

1014 4447 1072 4498 1133
1088 4459 1239 4498 cunsansua·
1258 4461 1286 4496 33.
1308 4453 1350 4496 33.

145 4526 289 4600 bisuntine
304 4523 440 4596 proximi,
457 4521 612 4594 infantibus
629 4522 802 4594 inpleratque
813 4523 922 4580 similes.
935 4543 965 4578 n.
1014 4529 1050 4582 lit
1067 4526 1130 4580 13133
1148 4543 1197 4580 nec
1214 4524 1269 4598 ipsi
1284 4526 1446 4598 delinquunt
1461 4529 1589 4597 proprie,
1609 4545 1659 4580 nee
1680 4528 1838 4598 puniuntur.

184 4623 207 4664 ¹·
224 4625 296 4681 uid·
1049 4633 1077 4668 n.
1098 4622 1138 4666 33.

146 4696 286 4752 Dicuntur
296 4693 471 4760 septennium
487 4691 687 4761 proetarrmssi·
707 4711 735 4748 n.
756 4703 780 4744 3.
797 4707 871 4766 seqq.
1016 4697 1078 4754 Nisi
1094 4697 1169 4767 qaod
1187 4697 1348 4752 canonistas
1370 4712 1419 4752 333
1439 4698 1537 4769 poenis
1563 4699 1765 4766 emissiastiais,
1790 4717 1839 4758 seu

146 4784 185 4835 Iit
201 4799 218 4832 3
236 4777 279 4832 dd.
297 4777 374 4830 uarie
390 4777 612 4830 determinantur.
631 4797 658 4830 n.
679 4789 702 4830 3.
719 4795 791 4848 seqq.
1051 4766 1169 4822 censuris
1186 4767 1338 4838 subiiciunt.
1356 4787 1384 4822 n.
1404 4778 1447 4822 33.
1465 4789 1537 4841 seqq.

147 4861 283 4918 Ν3113133
295 4870 449 4927 uocantur,
462 4857 660 4931 quidimidium
674 4859 811 4917 urrdeaimi
819 4857 889 4916 anni
899 4876 969 4914 non·
1016 4851 1047 4906 Si
1062 4865 1151 4906 tamen
1163 4851 1317 4907 exuberans
1330 4850 1452 4906 malitiae
1463 4850 1522 4906 don
1531 4855 1720 4920 praesentiam
1733 4864 1839 4926 333333.

181 4945 247 5000 dum
264 4943 387 5014 attigere.
406 4963 435 4997 n.
457 4955 499 4998 tt·
516 4959 592 5013 seqq.
1055 4955 1086 4989 n.
1105 4945 1145 4988 33.

147 5033 175 5084 J.
196 5031 299 5086 Fraus·
315 5029 407 5084 Ferae
423 5027 574 5098 singularis
590 5025 644 5082 1333
661 5025 695 5082 de
712 5045 742 5084 re
759 5027 853 5102 aprilio
872 5043 965 5084 33333-
1024 5016 1072 5072 Uti
1086 5017 1208 5088 exempla
1223 5021 1356 5084 prostant.
1373 5032 1402 5067 n.
1421 5026 1463 5070 33.
1479 5033 1535 5090 seq.
1706 5071 1708 5078 ,

180 5122 265 5168 setar.
286 5127 315 5163 33.
333 5118 375 5164 33.
392 5126 464 5182 seqq·
1019 5101 1185 5172 Dedinquere
1197 5099 1304 5170 quidem
1313 5097 1380 5152 33133
1393 5113 1458 5154 vere
1471 5102 1548 5156 erede
1563 5105 1612 5161 ndi
1620 5113 1692 5158 sunt.
1705 5121 1734 5154 n.
1746 5116 1778 5158 33

145 5201 185 5254 Et
202 5193 383 5252 examinatur.
397 5211 424 5246 n·
446 5204 489 5248 33.
502 5211 576 5266 seqq.
1020 5190 1061 5240 At
1072 5180 1269 5255 sufragilitate
1279 5182 1376 5253 magis,
1389 5201 1470 5254 quam
1490 5183 1581 5240 3331333
1602 5187 1668 5242 33313
1681 5186 1838 5242 deliberato.

146 5279 351 5339 disterminatur
364 5297 381 5334 a
395 5276 473 5330 33113
486 5295 624 5350 annorum
636 5291 765 5332 numersu
773 5275 878 5350 utrique
891 5277 975 5336 sexui
1055 5285 1082 5320 ²¹·
1106 5279 1146 5320 ⁸⁷·

181 5362 333 5422 eommunis
350 5369 394 5416 333.
414 5378 442 5414 n.
461 5370 505 5413 33.
521 5375 596 5432 seqq.
1020 5353 1059 5405 Et
1073 5352 1135 5406 ltine
1142 5349 1231 5405 33131333
1240 5351 1382 5419 puniendi
1395 5369 1424 5407 n.
1437 5361 1479 5406 33.
1491 5367 1537 5422 seq
1543 5369 1567 5424 p.

145 5452 200 5505 Nea
219 5447 364 5503 arbitrium
376 5443 480 5519 judicis
497 5446 607 5498 3333133
625 5443 798 5500 3331311333.
819 5455 861 5500 33.
877 5459 949 5516 seqq.
1020 5439 1085 5492 Nan
1098 5436 1385 5507 3131133333ρ11313.3.
1401 5448 1443 5491 33.

145 5533 185 5588 111
200 5525 344 5603 instantiae
359 5526 498 5603 proximi,
513 5526 596 5598 pueri
612 5529 692 5584 31133.
711 5547 740 5583 n.
761 5537 802 5582 33.
1021 5522 1075 5578 Sed
1088 5524 1168 5594 uirgis
1182 5531 1211 5578 ut
1220 5523 1376 5590 plurimum.
1389 5540 1419 5575 n.
1433 5532 1476 5577 33.

147 5617 188 5670 Et
204 5616 351 5674 admodum
370 5613 519 5685 impuberes
536 5611 609 5668 dieti.
627 5629 656 5667 n.
676 5622 719 5666 tt.
1023 5607 1147 5678 Denique
1160 5617 1215 5662 eta
1234 5605 1381 5676 Werigeidi
1389 5607 1581 5677 praestatione
1591 5606 1729 5681 infantiae
1744 5614 1839 5682 prosi·

153 5700 327 5774 (1333331313
347 5699 411 5753 sitio
425 5698 486 5770 jam
502 5697 646 5769 praelians.
664 5715 691 5752 n.
712 5705 754 5750 33.
1060 5693 1100 5746 mi
1109 5691 1476 5763 immanerpranunuiantar.
1489 5709 1515 5746 n.
1532 5705 1574 5748 33.

283 5783 383 5853 11331313
405 5784 467 5840 Vol.
485 5783 539 5841 IV·
1505 5790 1535 5832 33

13 2739 21 2772 3

13 2823 21 2856 ι

14 2907 21 2944 1

14 2992 20 3034 Ι

14 3081 20 3116 3

14 3169 19 3208 l

14 3247 20 3292 l

14 3341 20 3378 Ι

14 3413 21 3466 1

14 3515 20 3554 1

14 3675 20 3726 1

14 3863 20 3898 3

14 3943 20 3984 Ι

14 4015 20 4066 't

14 4117 18 4148 ι

14 4199 19 4236 l

14 4275 18 4318 Ι

14 4371 17 4404 t

14 4453 17 4488 3

14 4529 17 4574 l

14 4623 17 4660 i

14 4705 16 4738 t
