4402 6284
234 281 264 336 dt
574 283 624 338 1111
642 283 891 342 narraturus
911 283 1106 352 turonum,
1126 287 1388 349 tnntcottttttt
1408 307 1470 349 444.
1781 291 1816 344 dn

177 381 297 437 4444141.
320 397 362 453 ap.
389 377 481 434 excell
506 376 552 432 414.
578 380 659 434 libet.
679 379 708 433 in
734 392 880 434 comment.
900 377 998 448 041104

169 462 252 534 seud.
268 482 406 520 eornmun.
424 463 442 516 1.
468 473 490 514 4.
509 473 529 516 4.
550 473 574 515 4.
592 460 616 536 5.
636 477 660 516 s.
679 465 751 519 rerb.
762 467 838 522 Illud
849 483 911 522 reru
922 467 998 537 quod

178 569 196 606 4
217 549 370 604 minoribus
388 547 416 602 in
437 547 510 603 01144
526 546 695 617 transfertur
711 567 739 602 rr.
760 559 785 602 t.

112 633 139 678 it
216 633 293 704 Quod
304 636 418 687 alterum
433 631 624 702 disputationis
636 643 739 686 nostrae
753 634 901 689 membrum
921 651 995 688 nem·

173 733 207 788 pe
226 718 382 770 vocabulum
400 715 515 780 deserti,
529 715 638 781 attinet,
658 717 688 770 id
708 736 722 769 a
740 718 885 774 «inserendo
899 738 995 776 nomen

173 803 271 866 trahit;
285 804 408 858 deserere
420 813 507 856 autem
528 803 714 870 rocaturqnasi
727 803 797 872 quod
812 821 864 857 non
883 805 994 871 seritur,

173 887 258 940 etsie
276 885 420 951 4144441444,
445 885 591 938 444444414404
612 885 707 938 isidor.
732 897 812 954 etr-ru.
835 897 874 940 tt.
893 904 917 940 4.
933 907 995 956 pen.

110 983 138 1024 tt
174 968 264 1037 liujus
281 987 346 1024 4444
363 969 479 1024 vocabuli
493 971 535 1038 144
549 980 667 1022 44444404
681 970 836 1040 saepissime
856 974 995 1035 arterninit,

171 1054 211 1108 410
222 1054 258 1122 Ι144
271 1054 291 1106 t.
304 1067 329 1106 4.
347 1071 370 1108 4.
384 1054 424 1108 041
431 1063 481 1106 444.
499 1053 600 1122 turpill.
619 1052 721 1106 dicitnr
733 1053 855 1108 deserere
869 1054 993 1110 animam

176 1137 365 1192 44444444144414
382 1136 554 1206 implendae:
574 1139 696 1191 ‹leserere
715 1137 893 1192 vadimonium
913 1151 996 1195 estse

171 1223 205 1276 441
224 1221 375 1276 condictam
394 1221 468 1276 diem
487 1239 540 1275 non
560 1223 670 1284 sistere,
688 1225 764 1290 441444
783 1223 946 1278 mentionem
966 1244 993 1278 e-

169 1305 236 1358 tiam
257 1305 319 1362 iacit
337 1308 436 1360 Seneca
454 1305 473 1357 1.
493 1315 517 1362 4.
543 1305 575 1360 de
594 1303 708 1376 benefic·
732 1325 756 1360 e.
782 1317 824 1360 44.
850 1307 924 1361 eirea
932 1306 993 1378 fin.

171 1391 380 1458 Vadimonium,
395 1392 497 1462 iuquit,
515 1392 719 1462 promittimus,
735 1403 823 1446 tamen
842 1393 993 1460 deseritur,

107 1484 134 1527 44
171 1475 340 1530 deserentem
353 1475 393 1530 ria
411 1479 497 1542 4444144
510 1485 625 1530 excusat.
639 1477 768 1532 Deserere
782 1495 843 1532 rero
855 1478 998 1546 stationem,

173 1559 284 1631 proprie
302 1561 421 1614 militum
439 1571 496 1625 444,
508 1561 554 1630 qui
571 1561 658 1614 locum
677 1562 705 1612 in
717 1561 773 1615 acie
791 1562 994 1634 d··relinquuut,

173 1653 239 1711 ant,
256 1644 316 1700 sins
331 1655 479 1700 4444444444
498 1645 640 1700 discedunt
657 1664 689 1700 44
707 1650 816 1716 4444414,
829 1660 857 1705 44
876 1666 924 1720 per
936 1669 995 1719 pro·

172 1729 260 1782 lixum
282 1737 386 1799 tempus
403 1731 500 1784 absunt
517 1730 536 1782 l.
558 1727 624 1804 s·.5.
644 1731 706 1785 4.1.
727 1742 750 1784 4.
768 1729 794 1802 5.
816 1744 854 1786 tt.
881 1744 907 1786 et
930 1733 947 1788 l.
969 1747 994 1787 4.

161 1812 206 1882 ff
226 1814 260 1868 de
278 1830 309 1869 44
326 1814 438 1871 militar.
457 1815 476 1867 1.
495 1815 545 1872 ult.
563 1834 586 1870 e.
603 1817 704 1886 quand.
722 1813 767 1871 114.
782 1817 836 1870 sin·
849 1816 909 1888 jud.
927 1819 947 1872 l.
969 1832 992 1876 4.

173 1917 197 1952 4.
216 1899 321 1952 sirene
339 1901 387 1954 vel
403 1911 523 1955 accurat.
550 1900 718 1970 mortsurr.
744 1903 798 1958 rid.
817 1903 912 1973 Quint.
929 1906 948 1961 1.
968 1919 992 1960 4.

103 1986 132 2026 ⁵⁰
170 1997 197 2036 4.
217 1993 243 2032 4.
262 1981 414 2036 Secundum
436 2000 551 2038 canones
569 1995 656 2038 autem
676 1984 825 2040 desertores
852 1993 927 2056 sunt',
946 1990 992 2059 qni

170 2067 302 2148 eceleqiae
314 2065 477 2120 ministeriis
491 2067 639 2134 derelictis,
653 2068 686 2120 ad
705 2070 755 2122 alia
775 2069 880 2138 14314444
899 2091 921 2128 0.
931 2076 992 2144 pla·

105 2164 132 2204 44
175 2152 238 2204 ruit.
257 2169 281 2205 e.
301 2162 344 2204 44.
363 2170 394 2221 q.
411 2161 437 2202 4.
455 2151 510 2204 blec
528 2149 684 2221 infrequens
702 2163 744 2207 est
761 2157 899 2223 expressio
919 2158 991 2224 adje-

171 2235 240 2291 44141
257 2235 392 2292 deserturi
410 2236 451 2291 sic
467 2236 606 2292 desertam
625 2235 761 2290 actionem
784 2238 913 2309 persequi
922 2273 929 2302 ,
947 2239 992 2292 ha·

171 2319 253 2372 berar
277 2320 346 2372 inl.
373 2328 398 2372 4.
422 2337 444 2372 0.
463 2321 565 2373 441444.
591 2319 693 2388 turpill.
718 2322 829 2374 Deserta
847 2321 991 2392 appellatio

170 2413 231 2468 est,
250 2401 272 2454 41
299 2419 359 2456 4444
385 2402 457 2456 14444
482 2401 634 2471 legitimum
660 2413 765 2474 tempor
782 2407 917 2474 apostolos
936 2427 990 2462 non

168 2487 291 2557 petierit,
311 2484 474 2540 Gotboired.
496 2487 535 2540 ud
556 2487 574 2538 l.
601 2501 643 2544 44.
666 2506 689 2542 c·
709 2487 742 2542 de
763 2490 987 2561 appellandus

172 2572 218 2624 Sic
235 2570 341 2625 deserta
362 2571 506 2642 promissio
525 2581 567 2626 est
585 2584 734 2642 contempta
753 2592 807 2628 44444
824 2575 991 2632 4144444441.

174 2663 199 2704 4.
217 2662 239 2717 ς.
261 2664 284 2704 4.
305 2655 322 2707 l.
343 2667 367 2706 4.
391 2661 413 2718 ς.
434 2665 457 2707 4.
466 2653 507 2724 ff
526 2655 553 2708 si
574 2656 636 2727 quir
659 2667 732 2712 saut.
757 2659 785 2712 in
799 2659 859 2729 iud.
877 2662 989 2717 sistenti.

173 2738 329 2810 raunstret.
350 2741 460 2792 Deserta
478 2758 556 2794 eausa
575 2741 632 2796 sire
656 2742 848 2796 eremodiciom
866 2745 886 2796 1.
908 2757 947 2800 44.
967 2745 991 2818 5.

174 2838 200 2879 4.
220 2837 247 2878 et
267 2837 290 2878 t.
308 2843 333 2878 4.
352 2825 386 2878 de
398 2825 484 2895 judie.
503 2825 523 2877 1.
544 2839 567 2880 7.
581 2834 602 2890 i.
615 2827 663 2884 ult.
671 2826 713 2897 ff.
732 2829 764 2882 de
784 2830 992 2903 minerii-quod

175 2919 202 2962 et
219 2909 419 2964 heremodieom
443 2909 543 2964 dieitur
567 2909 586 2962 l.
607 2921 649 2964 tt.
675 2929 717 2980 pr.
727 2909 769 2980 ff.
782 2913 901 2983 judicat.
918 2917 991 2970 solu.

177 2994 265 3048 Gallis
281 2995 380 3048 dieitur
395 2994 540 3063 perention
559 2995 586 3048 d’
594 2996 727 3052 instance.
741 2998 901 3054 Gothot'red.
921 3003 959 3056 ad
969 3005 993 3058 d

174 3076 192 3128 l.
215 3088 238 3127 4.
258 3084 279 3140 ς.
304 3078 351 3130 ult.
360 3075 405 3146 ff.
422 3079 454 3132 de
479 3079 609 3133 minaril.
633 3079 674 3132 lit.
693 3081 720 3136 d.
747 3081 889 3138 Desertum
908 3101 993 3141 sacra·

171 3175 289 3216 mentum
308 3164 326 3214 1.
348 3175 372 3216 4.
389 3181 413 3216 4.
431 3164 464 3217 414
484 3163 580 3217 ebulit.

105 3265 134 3307 es
209 3245 374 3300 Vocabulum
393 3257 481 3302 autem
501 3246 599 3304 deserti
613 3250 653 3302 rel
668 3251 752 3322 magis
764 3251 875 3317 inridier
893 3270 994 3327 suppo·

169 3329 263 3395 uitur,
277 3330 371 3400 sicque
389 3330 499 3386 denotat
517 3333 603 3386 locum
612 3369 620 3400 ,
633 3334 680 3402 qni
694 3345 756 3388 ante
768 3336 877 3406 quidem
895 3341 996 3404 0414444,

171 3429 259 3488 postea
280 3433 341 3472 4444
358 3437 374 3469 4
393 3418 538 3472 cultoribus
556 3420 676 3474 desertus
698 3431 752 3486 est,
772 3423 863 3492 sieque
887 3427 994 3496 proprie

105 3509 135 3548 44
174 3507 304 3556 sumitur:
324 3504 363 3558 rel
382 3503 532 3574 improprie
557 3506 664 3575 capitur
687 3524 737 3577 pro
763 3508 832 3568 loco,
851 3510 897 3578 qui
917 3511 994 3579 plane

172 3606 226 3642 non
246 3591 333 3644 cultus
350 3599 406 3655 est,
424 3600 452 3644 et
470 3589 510 3643 sie
530 3589 557 3643 iu
577 3609 599 3644 e.
622 3603 643 3645 t.
662 3593 684 3658 §·
704 3592 782 3648 illuns
801 3611 908 3662 agrum.
921 3596 953 3649 de
965 3614 994 3649 v.

170 3693 194 3728 s.
212 3676 241 3728 in
265 3677 411 3731 stainans
431 3675 552 3730 desertus
577 3674 758 3744 describitur,
775 3677 844 3747 qnod
864 3679 993 3750 4144344,

172 3765 218 3828 qni
241 3779 294 3814 non
314 3761 512 3815 habitatus.est
530 3761 649 3832 penitm,
666 3779 716 3816 nee
740 3763 842 3827 nultus,
861 3781 910 3820 nee
927 3767 994 3820 ultra

174 3847 296 3902 hominis
316 3848 473 3900 memoriam
493 3847 541 3898 snb
553 3847 641 3916 gentis
652 3848 788 3914 44414441444
809 3857 942 3919 potestate
953 3850 994 3904 de·

176 3943 267 3986 tentus
287 3929 350 3984 luit:
368 3941 392 3984 et
409 3931 448 3983 ita
466 3929 640 4000 geographiae
658 3933 786 3998 sumitur,
804 3934 882 4004 quale
905 3932 993 3986 deser·

175 4031 230 4072 tum
249 4025 290 4068 est
307 4025 360 4070 tota
380 4013 476 4068 brahia
497 4015 606 4084 speciali
626 4018 734 4068 numine
753 4016 872 4071 desertae
890 4027 992 4082 notata,

176 4113 202 4156 et
217 4103 247 4154 iu
260 4101 307 4153 illa
325 4100 467 4172 praecipue
485 4098 619 4154 desertum
639 4099 767 4152 1144414411
780 4118 825 4153 4444
839 4101 991 4162 1140444411,

59 4189 62 4196 ’
174 4185 245 4256 qood
264 4187 443 4238 communiter
461 4200 534 4236 mare
550 4201 689 4237 arenosum
702 4185 817 4248 dicitur,
830 4186 904 4238 locus
923 4186 993 4256 peri·

175 4272 281 4324 ealosus
299 4269 352 4323 iter
371 4267 529 4324 iacientibus
547 4269 576 4322 iu
596 4269 758 4340 Aegyptum,
771 4285 831 4322 cum
849 4281 958 4338 propter
970 4287 996 4320 a·

174 4371 287 4426 quarum
303 4353 436 4424 inopiam,
451 4363 506 4406 tum
520 4355 601 4408 etiam
615 4355 748 4417 44444104,
761 4362 789 4406 44
807 4353 882 4422 qnasi
894 4363 996 4408 montes

177 4455 317 4494 4444444444
360 4436 458 4508 quihus
481 4437 598 4491 riatnres
618 4445 681 4490 'non
712 4451 772 4488 raro
802 4438 996 4506 opprimuntur.

181 4523 237 4596 Qui
260 4533 393 4593 tamqnam
412 4521 441 4574 144
461 4520 529 4574 mari
548 4520 701 4589 nauigantes
719 4518 751 4573 ad
777 4517 895 4573 siderum
914 4520 997 4590 luigo·

178 4625 236 4662 4444
255 4603 484 4674 444444411413444
509 4601 743 4672 4034444444144041
768 4602 821 4654 iter
839 4618 891 4655 non
910 4605 995 4666 4014404

177 4692 348 4764 patriarchae
364 4691 432 4743 olim
452 4688 554 4750 emensi
573 4695 651 4750 44404,
672 4685 719 4738 4441
746 4696 772 4739 44
799 4691 857 4757 ipse
875 4685 996 4742 Christos

178 4795 240 4832 04444
253 4777 368 4846 Virgine
379 4776 467 4829 Matre
483 4782 511 4826 et
527 4770 644 4843 losepbo
663 4769 717 4823 4141.
731 4768 834 4826 Closer.
852 4770 997 4826 introduct·

179 4861 209 4916 in
227 4859 377 4932 3443441414.
394 4875 431 4912 ese
449 4855 514 4911 edit.
540 4855 654 4910 Banun.
677 4853 695 4905 l.
715 4866 738 4906 4.
764 4870 787 4906 4.
817 4861 862 4908 44.
879 4869 908 4906 44.
926 4863 952 4907 t.
968 4871 997 4924 p.

180 4963 216 5000 444.
236 4941 362 5000 444.410.
380 4939 506 4996 1144444444.
524 4939 553 4994 in
572 4938 793 5011 141443403441414.
811 4955 836 4991 4.
855 4949 880 4992 4.
896 4948 959 4992 4444.
973 4949 997 4991 4.

182 5037 204 5094 t.
224 5040 248 5082 4.
266 5039 293 5082 44
308 5045 332 5082 4.
352 5038 377 5081 4.
394 5023 418 5098 5.
441 5036 482 5080 44.
501 5024 531 5078 14.
550 5042 575 5078 0.
602 5035 625 5077 4.
642 5025 665 5090 §.
695 5033 721 5074 4.
739 5021 879 5092 Quomodo
896 5039 998 5078 merea·

180 5125 266 5180 tores,
284 5109 439 5186 4434414411
459 5109 594 5166 44444111
619 5105 841 5180 peregrinantes,
861 5105 996 5162 desertum

179 5201 231 5254 boc
250 5206 398 5262 transeant,
416 5193 575 5251 4404414414
594 5191 670 5244 testis
695 5199 815 5246 aeenrate
834 5191 912 5244 docet
929 5194 997 5247 lesn

179 5287 254 5358 traps
280 5283 425 5341 Tarernier
451 5297 510 5338 aue
531 5278 578 5333 414
600 5291 721 5348 sosares
745 5291 779 5330 rn
809 5273 941 5346 Tarquie,
961 5293 995 5330 en

1051 385 1138 436 Perse
1157 396 1183 438 et
1201 404 1259 439 aum
1271 386 1357 455 jndes
1379 387 1396 440 l.
1416 397 1440 440 ².
1459 405 1482 439 4.
1509 399 1534 440 4.
1553 387 1598 457 qui
1619 384 1690 440 inter
1715 387 1766 439 alis
1786 385 1867 438 dicit:

1049 467 1149 540 ilsuut
1166 488 1340 542 remnrpuer,
1361 492 1412 540 que
1429 475 1464 527 de
1479 474 1526 527 4144
1547 483 1609 526 eenr
1634 472 1803 534 4144444444,
1822 469 1870 537 qui

1048 565 1163 619 possent
1173 556 1197 608 le
1209 557 1312 619 desert,
1326 559 1343 608 d
1355 555 1437 624 peine
1449 558 1472 611 il
1483 575 1516 609 en
1529 555 1610 609 a-r-tt
1620 555 1770 624 cinquante
1781 554 1865 608 elsar-

1047 637 1144 704 344414
1163 640 1380 693 maralnndires:
1401 651 1462 696 tour
1480 643 1518 694 les
1537 651 1631 694 autres
1649 659 1685 693 ne
1702 651 1767 692 sont
1786 640 1865 692 elsar-

1047 735 1111 786 344,
1129 739 1180 788 que
1199 720 1232 773 de
1249 720 1409 788 provisions
1428 724 1461 778 414
1485 723 1690 788 14444144,4411
1707 724 1736 776 n'
1750 743 1782 776 en
1792 721 1865 793 suut

1049 818 1099 864 pas
1117 821 1152 857 en
1169 804 1251 870 petite
1268 807 1409 874 praescire,
1427 825 1502 878 punr
1518 826 1555 862 un
1573 805 1642 880 10443
1658 825 1777 878 voyage,
1796 807 1868 860 dans

1048 886 1082 938 de
1099 905 1170 957 pays
1189 899 1249 942 toret
1267 894 1284 942 ἁ
1293 887 1357 956 snit
1370 891 1487 956 deseres,
1501 909 1537 945 ou
1555 891 1579 944 il
1593 909 1628 944 ne
1639 906 1669 944 se
1687 901 1780 944 trouee
1793 891 1867 951 rien,

1048 971 1080 1022 414
1096 989 1126 1024 ee
1145 973 1193 1043 qui
1211 985 1252 1026 ert
1270 973 1425 1028 nerecraire
1447 991 1521 1044 pour
1541 974 1568 1026 le
1584 973 1693 1028 soutien
1713 975 1745 1028 ele
1764 975 1793 1029 la
1811 975 1866 1026 uie.

1049 1053 1142 1106 Sinin
1164 1055 1255 1110 4114144
1280 1069 1320 1112 444
1339 1057 1537 1126 lliledulporid,
1557 1059 1584 1110 in
1609 1076 1660 1127 qna
1678 1068 1789 1126 quatuor
1809 1058 1864 1110 loca

1048 1138 1151 1190 deserta
1170 1140 1278 1218 (14444444.
1296 1141 1421 1216 hempta,
1442 1143 1591 1212 Zoaneiga,
1611 1142 1749 1212 anhaga,
1763 1154 1787 1197 et
1799 1143 1867 1195 11414

1048 1221 1101 1274 4141.
1120 1222 1269 1278 clarend.
1288 1226 1342 1280 l.l.
1363 1240 1387 1280 s.
1414 1246 1437 1281 e.
1458 1240 1482 1279 4.
1509 1247 1536 1280 n.
1565 1237 1587 1279 t.
1614 1227 1717 1280 Dantur
1736 1227 1817 1280 etiam
1837 1227 1866 1280 in

1048 1304 1171 1360 Amerina
1190 1319 1241 1362 tarn
1260 1301 1471 1380 septemtrionali
1490 1331 1568 1382 qnam
1593 1311 1701 1366 australi
1719 1311 1866 1367 castissima

1045 1389 1167 1456 deserte,
1185 1409 1298 1462 quorum
1320 1395 1390 1464 quod
1410 1395 1483 1448 iuter
1508 1413 1619 1464 regnum
1645 1395 1821 1466 Parsqunriae
1839 1405 1867 1451 et

1048 1473 1120 1526 Chili
1142 1476 1213 1530 inter
1232 1479 1299 1545 14444
1318 1477 1448 1549 potiorem
1461 1479 1549 1531 1444444
1561 1476 1678 1543 obtinet,
1694 1495 1708 1528 a
1724 1477 1867 1531 viatoribus

1050 1560 1160 1630 Panopae
1179 1563 1332 1628 4441444404,
1351 1564 1381 1615 144
1399 1582 1451 1634 quo
1474 1563 1580 1617 deserto
1605 1563 1670 1616 1114441
1693 1563 1865 1628 mirandum,

1046 1643 1115 1711 quod
1130 1645 1189 1698 sine
1202 1645 1265 1698 ullis
1278 1662 1374 1699 4444444
1392 1645 1526 1716 vestigiis,
1541 1655 1622 1699 totum
1636 1644 1728 1698 herbis
1741 1663 1755 1697 a
1771 1654 1865 1700 notura

1047 1727 1181 1780 consitum
1200 1728 1254 1794 sit,
1266 1738 1292 1782 et
1308 1729 1470 1783 animalibus
1488 1729 1578 1783 0044414
1595 1729 1700 1800 generis
1717 1728 1865 1800 repletum,

1047 1827 1096 1864 nec
1121 1812 1279 1865 fluminibus
1304 1824 1349 1868 ant
1368 1814 1476 1868 lacubus
1495 1813 1672 1878 destituatur,
1691 1823 1773 1882 prout
1796 1814 1866 1867 illud

1045 1892 1166 1962 pluribus
1185 1893 1315 1949 describit
1333 1895 1459 1952 Kircher.
1472 1898 1501 1950 144
1516 1899 1609 1954 mrrnd.
1626 1901 1781 1952 subterrari.
1801 1899 1819 1950 l.
1839 1909 1863 1949 t.

1046 1994 1070 2030 e.
1090 1979 1186 2034 41144
1204 1980 1348 2034 4144444144
1369 1981 1491 2035 Ameriae
1512 1983 1617 2036 deserta
1638 1985 1746 2053 proprie
1763 1983 1802 2035 sic
1820 1982 1863 2034 di·
1889 1973 1892 1980 ’

1045 2071 1102 2126 444,
1123 2061 1172 2116 1404
1191 2073 1232 2118 444
1250 2083 1264 2116 4
1282 2065 1430 2119 cultoribus
1448 2075 1475 2119 et
1494 2066 1718 2120 inhabitatoribus
1735 2065 1866 2120 derelicta

1045 2157 1072 2200 et
1092 2165 1183 2214 vacua,
1203 2165 1264 2202 444444
1286 2149 1402 2220 liiapani
1427 2158 1564 2220 postquam
1590 2151 1663 2203 illam
1681 2163 1864 2221 cremassent,

1046 2247 1190 2299 paucorum
1211 2249 1341 2284 annornm
1366 2231 1493 2298 decursu,
1507 2235 1566 2304 plus
1589 2251 1668 2304 quam
1689 2234 1782 2304 viginti
1803 2236 1866 2288 mil·

1044 2311 1131 2364 liones
1156 2313 1296 2366 hominnm
1322 2315 1520 2369 crudelissimis
1546 2317 1641 2370 mortis
1664 2319 1823 2387 3444441144,
1848 2324 1864 2374 b

1043 2395 1132 2448 medio
1151 2397 1334 2461 sustulerunt,
1353 2397 1424 2452 nude
1452 2407 1517 2452 40444
1543 2401 1664 2470 regiones
1683 2411 1710 2455 et
1731 2405 1865 2460 maximae

1043 2477 1145 2532 insulae
1164 2478 1197 2532 ab
1217 2479 1444 2535 inhabitatoribus
1463 2483 1548 2536 nudae
1567 2485 1754 2554 reperiuntur,
1783 2497 1864 2555 prout

1044 2561 1109 2628 hoe,
1130 2563 1176 2614 sed
1195 2561 1239 2616 rix
1259 2563 1357 2632 absque
1377 2573 1483 2636 stupore
1502 2566 1589 2635 legere
1608 2577 1647 2620 est
1666 2569 1694 2621 in
1714 2569 1775 2623 dem
1795 2588 1865 2626 mur·

1043 2646 1179 2717 lrnffligen
1199 2648 1257 2702 und
1271 2647 1449 2717 grindliclten
1470 2649 1581 2704 Bericltt
1592 2651 1640 2706 de‘r
1657 2653 1776 2722 Spanier
1784 2671 1865 2724 34444·

1043 2731 1130 2786 lielrert
1144 2733 1201 2788 und
1217 2732 1423 2788 ubsclteuls'clren
1441 2735 1587 2806 Tyrannus
1605 2754 1656 2793 oon
1675 2736 1758 2791 ilrnen
1773 2738 1801 2790 in
1814 2739 1866 2792 den

1052 2815 1246 2885 Westjndr'en,
1256 2815 1300 2870 die
1317 2835 1386 2872 nene
1410 2818 1480 2872 Welt
1495 2829 1635 2888 genennt,
1651 2818 1808 2892 depangere,
1822 2823 1866 2876 de·

1044 2900 1184 2956 sclrriehers
1206 2903 1289 2958 darelr
1315 2903 1479 2958 Bartholom.
1502 2901 1536 2957 da
1561 2904 1600 2956 144
1626 2903 1719 2970 Casas,
1739 2906 1787 2975 qui
1806 2905 1864 2976 ipsc

1044 3001 1129 3055 quoqs
1144 2985 1279 3056 Hispanus
1297 2986 1460 3040 1414111444
1478 2985 1554 3058 plane
1573 3003 1662 3041 rocem
1681 2989 1781 3042 deserti
1800 3007 1861 3060 sup·

1046 3068 1123 3138 ponit
1141 3068 1259 3122 8441414444.
1279 3071 1297 3122 l.
1317 3070 1387 3124 4.(14
1405 3069 1502 3125 ararit.
1515 3088 1543 3141 p.
1557 3089 1593 3122 m.
1615 3081 1657 3124 44.
1671 3091 1707 3126 ee
1726 3075 1789 3126 edit·
1805 3076 1865 3128 rtis·

1045 3154 1160 3208 territur.
1178 3153 1225 3222 qui
1248 3153 1379 3208 desertum
1405 3171 1484 3207 sensu
1510 3152 1658 3226 4140103140
1684 3170 1770 3224 44444,
1797 3158 1866 3228 qnod

1045 3237 1079 3292 ab
1096 3238 1222 3290 omnihus
1242 3239 1336 3292 mnndi
1356 3239 1490 3294 illecebris
1510 3258 1538 3292 se
1557 3241 1699 3311 separarit.

1082 3322 1152 3392 Aget
1168 3321 1284 3392 denique
1308 3322 1429 3377 desertus
1454 3323 1508 3376 alio
1528 3327 1638 3380 nomine
1659 3329 1739 3381 etiam
1759 3341 1865 3386 40444444

1048 3409 1121 3461 14444
1140 3408 1275 3475 4443144444
1293 3407 1312 3460 l.
1332 3420 1356 3462 4.
1376 3424 1399 3460 4.
1418 3409 1451 3462 de
1469 3407 1554 3479 03410.
1574 3420 1599 3464 44
1616 3413 1710 3466 censit.
1733 3429 1756 3467 s.
1774 3417 1866 3470 ealon.

1046 3491 1064 3544 l.
1088 3503 1126 3544 tt.
1148 3491 1259 3544 Deserta
1278 3492 1408 3562 possessio
1427 3491 1445 3543 1.
1468 3508 1489 3546 4.
1509 3511 1532 3546 4.
1546 3493 1572 3548 d.
1585 3505 1604 3546 t.
1622 3493 1706 3549 14444
1724 3515 1819 3553 saeuos
1839 3512 1866 3554 et

1047 3575 1188 3630 destitutus
1207 3575 1347 3628 44440441.
1369 3589 1393 3628 4.
1410 3595 1432 3629 4.
1451 3577 1554 3630 eodem.
1574 3575 1685 3631 Eremos
1704 3581 1720 3630 l.
1749 3593 1773 3634 t.
1791 3600 1814 3635 c.
1833 3585 1866 3636 de

1046 3663 1145 3721 crurib.
1164 3663 1182 3714 1.
1206 3676 1214 3715 4
1226 3673 1246 3713 4.
1266 3661 1392 3716 German.
1406 3661 1455 3716 sub
1474 3663 1582 3718 nomine
1593 3663 1643 3719 der
1654 3673 1754 3721 44414440
1768 3667 1865 3740 Hqsen

1045 3748 1216 3821 exprimitur.

1080 3839 1208 3892 Desertus
1227 3849 1314 3891 autem
1333 3845 1360 3889 ct
1379 3834 1518 3889 derelictus
1535 3853 1598 3904 ager
1621 3853 1673 3890 non
1700 3848 1862 3894 santonum

1044 3922 1176 3993 idemque.
1196 3923 1250 3992 Qui
1268 3921 1340 3976 enirn
1359 3937 1451 3989 agrum
1465 3921 1580 3986 deserit,
1593 3931 1682 3992 posset
1692 3921 1715 3975 si
1729 3925 1791 3979 relit
1804 3944 1864 3979 444444

1044 4008 1117 4060 iutra
1137 4007 1277 4061 1144441444
1299 4021 1470 4075 recuperare,
1492 4005 1571 4060 modo
1596 4006 1794 4063 meliorationis
1813 4011 1865 4062 im-

1046 4108 1139 4164 pensas
1158 4109 1224 4146 44044
1243 4089 1400 4143 0404444041
1419 4089 1544 4144 restituat
1561 4090 1580 4142 1.
1594 4102 1619 4143 4.
1631 4109 1654 4145 e·
1666 4091 1699 4144 de
1709 4108 1782 4145 omn.
1796 4111 1864 4164 4344

1045 4177 1143 4232 desert.
1158 4178 1178 4231 l.
1199 4187 1241 4231 tt.
1261 4175 1316 4246 Qui
1336 4193 1399 4229 reru
1416 4191 1508 4246 434444
1531 4175 1714 4247 derelinquit,
1732 4193 1792 4230 eum
1811 4195 1865 4230 non

1046 4273 1200 4334 recuperat,
1220 4262 1271 4314 etsi
1291 4259 1440 4332 poeniteat,
1460 4260 1587 4330 quoniam
1611 4261 1705 4314 atatim
1731 4263 1788 4330 4144
1807 4277 1865 4313 0444

1045 4346 1162 4414 desinit,
1182 4353 1210 4400 et
1227 4346 1366 4416 occupanti
1386 4344 1543 4399 conceditur
1556 4344 1574 4395 1.
1589 4357 1611 4398 4.
1620 4341 1663 4413 ff.
1674 4361 1726 4414 pra
1744 4347 1864 4400 derelict.

1046 4439 1069 4496 ς.
1087 4449 1152 4500 pen.
1170 4430 1234 4484 inst.
1253 4428 1326 4483 der.
1345 4428 1372 4482 d.
1399 4427 1547 4483 1144401144
1567 4429 1585 4481 l.
1603 4429 1651 4500 qui
1672 4445 1768 4498 03404,
1787 4448 1810 4483 e.
1831 4433 1864 4482 de

1046 4535 1123 4572 omn.
1142 4533 1202 4586 034.
1220 4514 1315 4570 desert.
1335 4515 1425 4568 Perea.
1443 4515 1472 4570 in
1492 4533 1513 4568 e.
1533 4515 1559 4568 d.
1579 4525 1597 4568 4.
1619 4534 1646 4568 n.
1662 4525 1684 4568 t.
1699 4515 1745 4570 Sic
1762 4535 1866 4589 qnoque

1046 4621 1107 4674 4344
1125 4602 1225 4658 44441114
1242 4612 1269 4657 44
1293 4602 1415 4656 14444444
1439 4601 1586 4669 dillerunt,
1605 4619 1666 4655 nam
1692 4603 1783 4656 omnis
1801 4623 1864 4675 ager

1044 4687 1154 4758 quidem
1178 4698 1221 4742 est
1246 4687 1362 4751 sterilis,
1388 4703 1442 4739 nou
1467 4696 1554 4738 tamen
1579 4687 1668 4740 omnis
1694 4687 1797 4741 sterilis
1821 4699 1863 4742 est

1046 4771 1257 4840 desertus,quia
1275 4770 1397 4825 desertos
1415 4769 1439 4821 is
1457 4769 1569 4834 dieitur,
1582 4769 1660 4840 quia
1680 4771 1789 4824 nemine
1803 4789 1864 4843 pos-

1046 4853 1167 4922 sidetur,
1186 4855 1232 4911 aed
1251 4855 1383 4910 deseritur
1401 4863 1430 4906 et
1448 4871 1501 4908 44044
1522 4853 1627 4908 4441444.
1646 4855 1680 4906 dt
1699 4855 1802 4910 sterilis
1822 4864 1865 4906 ta·

1047 4941 1128 4994 metri
1146 4939 1330 4995 101440440444
1347 4939 1446 5008 140444,
1458 4936 1590 5008 possideri
1610 4949 1713 5009 potest,
1726 4949 1754 4992 et
1770 4939 1865 5008 adjun-

1046 5023 1074 5093 31
1094 5021 1228 5078 1444111144
1247 5023 1339 5076 Perea.
1356 5020 1383 5073 d.
1402 5021 1421 5072 1.
1439 5039 1468 5074 44.
1489 5031 1514 5071 4.
1531 5020 1643 5076 Τ404444
1663 5021 1799 5092 41443414,
1819 5041 1864 5073 eo·

1046 5125 1106 5161 rum
1121 5105 1281 5172 cultoribus,
1295 5115 1323 5159 et
1339 5103 1454 5158 desertis
1468 5103 1572 5158 1441414
1585 5122 1680 5174 genere
1695 5104 1863 5172 praemisisse

1046 5189 1174 5254 4441414144,
1188 5205 1257 5246 nnnc
1270 5188 1422 5262 specialiori
1440 5188 1558 5244 10404404
1578 5185 1745 5246 desertorum
1764 5197 1862 5242 tracta·

1045 5276 1114 5334 ttoni
1134 5291 1243 5330 manunt
1260 5271 1467 5333 admovebimus.
