4476 6274
399 216 451 268 .,3
948 211 1138 269 utsrurtr.
1159 213 1245 270 ran.
1267 217 1385 276 curun
1402 218 1428 275 1.Ι
1705 173 1710 180 ⁵
1925 225 1980 294 rot

349 336 429 406 gere
450 309 583 406 ubique
606 307 799 376 voluerunt.
825 304 913 374 Hinc
935 328 1061 400 quanta
1083 310 1282 402 suspicionis
1304 313 1341 380 iu
1366 318 1440 405 jure
1463 313 1626 385 habeatur
1647 315 1749 398 ratio,
1764 315 1913 384 exercitii
1930 319 2025 386 inan-

372 401 473 472 urulis
496 402 567 469 luco
589 399 797 492 proposuisse
819 398 956 491 placuit.
980 399 1122 468 Secutus
1143 426 1235 483 sum,
1255 421 1420 496 quantum
1435 405 1548 490 licuit,
1565 406 1758 476 methodum
1774 407 2024 500 justinianeum,

348 423 424 560 iicet
449 517 516 559 non
540 513 654 558 omnes
678 489 883 578 suspiciones
907 513 960 556 me
984 492 1129 582 tetigisse
1152 492 1299 575 credam,
1323 497 1455 563 reniam
1473 513 1582 564 tamen
1598 523 1616 564 a
1632 497 1751 565 lectore
1766 521 1833 564 nou
1848 497 2025 589 suspicioso

349 582 435 650 mihi
459 582 616 674 promitto
639 579 785 658 facilem,
809 580 936 670 quippe
960 581 1020 672 qui
1047 581 1139 648 l'acile
1162 583 1325 668 advertet,
1350 588 1474 675 potiora
1499 587 1553 654 hic
1574 587 1713 654 adducta
1736 589 1886 655 exercitii
1911 587 2024 655 acade-

348 673 427 740 mici
449 672 521 740 luco
543 669 734 740 suffectura.
758 668 860 759 Quod
883 686 1032 761 superest
1055 671 1165 740 Deum
1189 696 1221 738 o.
1246 699 1291 740 m.
1308 676 1446 767 supplex
1464 677 1594 757 invoco,
1610 690 1648 744 ut
1665 677 1919 770 benignissime,
1935 679 2024 772 quod
2059 743 2069 761 ,

348 761 404 832 11ἰο
425 780 617 857 susceptum
639 783 773 852 operae,
798 758 908 828 foreat
929 783 967 828 ac
990 774 1138 850 tueatur,
1162 787 1231 858 quo
1252 783 1387 858 portum
1410 784 1623 860 assequamur
1644 767 1799 837 feliciter!

1010 953 1260 1026 CAPUT
1309 957 1339 1026 1.

969 1153 1022 1221 De
1044 1150 1248 1244 suspicionis
1269 1153 1400 1224 indole.

579 1343 605 1396 S
623 1347 652 1400 U
666 1345 704 1396 Μ
714 1347 751 1399 Μ
764 1349 793 1399 A
811 1349 919 1401 n1A
1206 1343 1361 1396 liminarem
1375 1343 1577 1397 vocabulorum
1590 1346 1810 1413 explanationem
1824 1345 2031 1417 exigunt,psu·

1208 1430 1248 1480 cis
1262 1446 1312 1500 pro
1326 1430 1440 1483 instituti
1452 1428 1796 1497 ratiouq'satisiaciendutu.
1805 1429 1839 1482 Et
1852 1429 1962 1498 quidem
1971 1448 2030 1482 sus-
2083 1441 2099 1475 1

341 1513 536 1578 Ingressusn
563 1529 588 1563 ι.
1208 1513 1327 1582 piciouis
1353 1513 1490 1582 originem
1516 1513 1590 1581 quod
1608 1515 1767 1579 concernit,
1789 1511 1875 1565 aerbo
1892 1517 2031 1580 suspicere

341 1595 516 1663 Suspicionis
529 1591 676 1652 deriuatio.
690 1613 709 1649 rt
737 1611 763 1651 a.
1208 1613 1257 1649 seu
1269 1611 1379 1648 sursum
1393 1596 1488 1649 sidere
1503 1597 1606 1649 uatsles
1625 1596 1727 1650 dehere
1746 1597 1869 1660 videtum
1888 1602 2030 1670 suspicere

341 1678 495 1748 Suspicor-i.
510 1697 539 1732 ιι.
556 1677 581 1730 3.
1212 1697 1278 1732 sero
1292 1699 1307 1732 a
1321 1683 1427 1751 specio,
1445 1679 1532 1732 verbo
1546 1681 1633 1734 reteri
1646 1700 1660 1732 a
1675 1680 1772 1735 Plauto
1788 1693 1936 1753 usurpato,
1954 1703 2032 1737 com-

341 1761 488 1830 Suspicasc.
501 1781 529 1818 n.
544 1761 572 1827 4.
1210 1767 1329 1816 muniter
1342 1764 1497 1818 deducuutt
1512 1767 1583 1816 unde
1595 1767 1792 1819 substantivum
1804 1778 1927 1822 nostrum
1941 1771 2032 1838 suspi-

339 1850 502 1916 Suspectum
514 1849 549 1903 de
559 1870 611 1922 quo
621 1852 684 1923 jure
696 1849 835 1908 dicatu?
847 1872 876 1907 n.
892 1856 918 1908 5.
932 1851 960 1907 6.
1210 1849 1254 1901 cio
1270 1847 1418 1917 aliquando
1435 1851 1574 1918 suspectis
1591 1847 1693 1902 dicitur
1711 1849 1850 1903 Terentio.
1869 1851 1911 1904 Ex
1932 1853 2033 1907 eodem
2086 1891 2094 1904 .

340 1933 513 2001 Suspict'ont’s
524 1936 629 1988 mentio
642 1937 674 1988 ιἰι
681 1935 754 2005 jure.
768 1954 796 1988 ιι.
814 1953 840 1998 7.
1209 1931 1286 1984 tonte
1301 1945 1339 1987 est
1351 1937 1505 2004 suspicari,
1518 1932 1593 2001 quud
1606 1934 1633 1983 iu
1652 1949 1682 1986 se
1700 1952 1763 1986 cunt
1783 1935 1867 1988 serbo
1885 1939 2030 2007 suspicere

339 2017 515 2084 Suspiciont's
528 2020 727 2088 aequivocatio.
739 2039 769 2072 n.
784 2019 811 2074 8.
1211 2013 1333 2068 eamdem
1345 2018 1445 2087 recipit
1456 2015 1699 2086 significationem
1719 2034 1770 2068 usu
1787 2027 1877 2072 tamen
1895 2019 2028 2085 invaluit,

338 2103 512 2171 synonyma,
525 2120 556 2154 n.
569 2118 596 2172 9,
1212 2106 1237 2148 ut
1250 2097 1335 2166 tnagis
1348 2101 1440 2150 oculis
1452 2101 1567 2166 mentis,
1578 2116 1662 2169 quam
1673 2100 1801 2170 corporis
1813 2103 1984 2174 applicetur,
2003 2113 2030 2157 ct

347 2183 516 2238 Germanico
527 2185 708 2259 significatio·
722 2205 752 2240 ιι.
770 2203 811 2238 ro.
824 2199 851 2240 et
867 2202 908 2238 ιι.
1213 2200 1244 2237 ea
1255 2186 1362 2238 ratione
1374 2186 1447 2238 idem
1459 2187 1508 2253 sit,
1523 2203 1605 2255 quam
1618 2185 1711 2238 auimo
1729 2186 1868 2240 sinistrant
1884 2189 1919 2240 ‹le
1938 2189 2027 2242 altero

345 2265 464 2320 Graeco.
478 2285 508 2320 rt.
526 2282 567 2321 ts.
1210 2270 1359 2338 concipere
1372 2271 1548 2339 opinionem
1562 2287 1694 2340 quorsum
1707 2274 1823 2340 pertinet
1835 2273 2028 2327 monostichon

338 2349 546 2418 Descriptiones
558 2353 722 2422 suspicionis
734 2356 842 2411 uarios·
856 2373 888 2409 11.
905 2353 948 2407 as.
959 2371 1033 2428 seqq.
1210 2355 1281 2406 illud
1293 2353 1800 2430 trochaicum:difficulternaspicatur
1808 2358 1941 2424 improbos
1950 2360 2027 2413 aiios

347 2435 598 2504 Vernproponitur.
613 2456 642 2490 n.
661 2447 703 2490 tt.
1204 2439 1314 2508 pratus.
1327 2441 1390 2492 Huc
1402 2455 1514 2508 quoque
1534 2439 1700 2508 adjectivum
1720 2440 1789 2492 illud
1809 2445 1937 2511 suspicax
1955 2443 2027 2496 reie-

343 2518 519 2588 Esplicutur.
535 2539 565 2573 ιι.
583 2520 626 2575 18.
1210 2519 1340 2588 rendum,
1354 2522 1429 2589 quod
1440 2523 1515 2574 omni
1535 2523 1647 2592 negotio
1666 2533 1808 2592 suspectas
1821 2525 1886 2578 lidei
1903 2527 2027 2597 applica*

339 2604 464 2672 Suspicio
475 2619 582 2672 semper
592 2605 622 2658 in
636 2605 788 2677 sequiorem
796 2621 913 2676 partem.
926 2627 956 2662 n.
974 2625 1016 2681 19.
1208 2613 1268 2667 tur,
1282 2605 1354 2659 uude
1363 2606 1459 2662 Tacito
1471 2611 1601 2678 suspicax
1614 2610 1720 2662 animus
1737 2608 1854 2675 dicitur,
1867 2611 1918 2665 lii.
1935 2627 1959 2666 ι.
1974 2631 2027 2668 ars·

342 2689 434 2756 (tuere
446 2689 568 2743 addatur
579 2709 615 2744 eac
628 2690 736 2744 bridus
749 2691 869 2747 causis?
882 2713 911 2747 ιι.
925 2709 972 2748 ac.
1209 2689 1270 2742 nol.
1283 2709 1307 2745 c.
1325 2691 1366 2743 13.
1379 2691 1406 2766 5.
1421 2693 1447 2758 4.
1462 2703 1489 2747 et
1503 2693 1629 2766 suspicax
1642 2693 1799 2758 silentium,
1817 2693 1865 2748 lib.
1886 2691 1913 2746 3.
1925 2698 2027 2750 annot.

338 2773 535 2843 Praesumptio
544 2771 616 2828 hona
631 2790 658 2828 er
669 2777 747 2828 mala
761 2785 811 2831 est.
824 2795 854 2830 ιι.
868 2794 913 2830 ιι.
1206 2791 1223 2827 c
1248 2792 1290 2827 ιι.
1304 2773 1329 2850 5,
1349 2777 1378 2842 4.
1397 2778 1463 2832 licet
1481 2779 1645 2852 plenumque
1663 2778 1761 2842 illuns,
1778 2778 1826 2846 qui
1844 2777 2028 2846 suspicionem

337 2857 374 2908 In
388 2872 441 2928 quo
449 2855 562 2928 differor
575 2879 594 2912 o
605 2859 761 2927 suspicione
774 2861 830 2914 in.
845 2876 890 2912 ια.
1207 2866 1349 2930 concepit,
1364 2862 1490 2926 denotets
1504 2874 1659 2935 suspectum
1672 2855 1741 2917 tero
1760 2860 1883 2932 designet
1894 2861 1979 2928 illud,
1993 2862 2028 2917 de

337 2940 511 3007 Suspicionis
522 2941 628 2996 dantur
637 2943 752 3012 gradus.
767 2963 796 2998 ιι.
810 2945 856 2999 as.
870 2945 915 3012 ι4.
1208 2957 1264 3010 quo
1277 2953 1411 3014 concepta
1423 2945 1558 3015 suspicio.

335 3024 491 3082 Diversitos
500 3025 575 3080 inter
582 3029 850 3098 praesumptionem,
862 3031 1012 3097 iudicium,
1022 3029 1157 3104 coniectu·
1243 3027 1408 3096 Suspectum
1421 3041 1511 3082 autem
1524 3029 1552 3081 in
1564 3029 1627 3098 jure
1640 3036 1735 3081 nostro
1746 3041 1802 3078 uon
1814 3033 1918 3080 tautum
1931 3043 2026 3098 perso-

373 3129 448 3176 rum,
459 3109 567 3181 signum
577 3119 603 3166 et
614 3112 827 3168 adminiculum,
840 3135 871 3170 n.
885 3119 930 3171 25,
942 3135 1017 3192 seqq,
1207 3107 1249 3161 nis
1262 3109 1410 3178 tribuitur,
1424 3111 1471 3165 sed
1486 3123 1511 3166 et
1522 3110 1615 3167 rebus.
1629 3110 1677 3165 Sic
1690 3119 1831 3180 suspectus
1850 3127 1906 3162 nou
1921 3119 2028 3164 tantum

336 3191 382 3245 De
393 3193 564 3265 conjecturo.
577 3215 607 3248 ιι.
622 3193 667 3248 3ι.
1207 3190 1309 3245 dicitur
1323 3195 1413 3248 omnis
1424 3196 1464 3260 is,
1477 3196 1526 3265 qui
1537 3212 1568 3249 se
1582 3195 1695 3265 ingerit,
1708 3195 1729 3247 t.
1750 3193 1794 3266 69.
1805 3191 1846 3266 ff
1863 3192 1902 3249 de
1919 3209 1943 3248 r.
1958 3195 1984 3265 1⁸.
2004 3197 2027 3251 l.
2053 3225 2056 3235 ·

334 3275 439 3346 Differt
450 3293 469 3330 a
481 3278 652 3334 dubitatione
664 3291 691 3335 et
704 3280 842 3350 opinione.
856 3303 885 3337 n.
901 3282 945 3337 32.
958 3301 1035 3358 seqq,
1206 3279 1298 3349 siff
1309 3277 1347 3334 de
1352 3299 1461 3351 procur.
1478 3281 1527 3335 sed
1536 3283 1565 3334 itt
1575 3282 1671 3352 specie
1683 3279 1786 3333 dicitur
1798 3289 1964 3351 procurator
1982 3297 2029 3336 su-

333 3361 505 3432 ·i'uspicionis
515 3365 636 3435 acceptio
647 3364 675 3418 in
687 3363 893 3438 criminalibus.
907 3389 936 3424 n.
951 3369 995 3424 ³5.
1008 3369 1053 3424 36.
1206 3376 1331 3434 spectus,
1343 3369 1365 3421 t.
1382 3383 1423 3440 19.
1434 3365 1467 3437 ff.
1482 3363 1518 3419 de
1526 3384 1635 3436 procur.
1648 3375 1791 3434 suspectus
1804 3372 1893 3430 tutor,
1907 3365 1954 3434 qui
1964 3366 2029 3432 ipse

334 3446 384 3498 An
398 3445 485 3500 liceat
494 3447 633 3518 suspicari
643 3447 659 3502 i
671 3467 701 3502 n.
718 3447 761 3522 37.
1204 3451 1315 3504 tutelam
1328 3449 1483 3522 affectavit,
1492 3451 1514 3505 i.
1528 3451 1569 3504 18.
1582 3449 1608 3524 5.
1627 3467 1651 3504 ι.
1664 3449 1698 3520 ffi
1707 3449 1747 3503 od
1756 3451 1778 3502 t.
1792 3449 1899 3503 cornel.
1909 3445 2028 3520 dejicis.

334 3531 532 3599 Pmponuntur
540 3533 644 3604 gradus
656 3535 851 3602 suspicionum.
865 3557 894 3592 n.
908 3538 953 3592 38.
966 3557 1040 3614 seqq.
1207 3543 1233 3588 et
1243 3551 1325 3605 quem
1336 3551 1428 3587 mores
1441 3545 1597 3604 suspectum
1610 3533 1741 3598 reddunt,
1754 3535 1775 3587 l.
1789 3532 1816 3584 8.
1821 3529 1866 3601 ff.
1884 3532 1916 3586 de
1933 3548 2031 3602 suspe-

336 3611 460 3683 Suspicio
471 3611 501 3668 ιἰι
513 3617 599 3684 primo
607 3615 695 3688 produ
708 3615 815 3673 vitioso
827 3627 877 3676 est.
891 3640 922 3679 ιι.
936 3621 981 3690 40.
992 3625 1038 3690 43.
1203 3631 1240 3675 ct.
1250 3625 1330 3673 tutor.
1342 3617 1401 3670 luto
1414 3617 1486 3673 inter
1496 3628 1637 3689 suspectos
1655 3616 1755 3670 dautur
1767 3625 1793 3670 et
1811 3616 2029 3686 suspectissimi,

335 3697 399 3752 Non
412 3698 443 3752 in
454 3699 575 3753 secundo
584 3700 684 3770 gradu·
697 3721 727 3757 ιι.
744 3701 790 3767 44.
1206 3719 1220 3752 a
1234 3701 1334 3770 quihus
1348 3700 1502 3754 inchoanda
1515 3709 1637 3768 tortura,
1657 3702 1678 3756 t.
1701 3718 1724 3752 t.
1736 3697 1763 3773 5.
1782 3698 1857 3770 affl
1866 3700 1899 3754 de
1917 3716 2027 3773 quaest.

334 3782 393 3836 Nec
407 3781 579 3838 intertium.
595 3783 641 3850 45.
1206 3781 1300 3838 liebus
1313 3787 1470 3856 applicatur
1482 3785 1603 3855 suspecti
1615 3784 1779 3854 appellatio,
1802 3781 1912 3852 quaudo
1932 3781 2032 3837 haere·
2085 3789 2102 3839 6

335 3865 488 3934 Exempla.
504 3885 532 3920 ιι.
548 3865 593 3931 46.
607 3884 684 3942 sepp.
1205 3869 1273 3924 ditas
1286 3871 1385 3925 dieitur
1396 3880 1537 3941 suspecto,
1552 3871 1573 3923 t.
1589 3885 1629 3925 ιι.
1640 3886 1681 3939 pr.
1693 3866 1735 3938 ff
1754 3865 1793 3922 od
1809 3876 1862 3920 sct.
1875 3865 1983 3922 trebell-
2004 3867 2029 3920 t.

238 3961 239 3966 ’
334 3949 484 4004 Deciditur
492 3953 631 4022 quaestio.
644 3973 673 4008 ιι.
689 3953 733 4027 49.
1209 3954 1251 4020 14.
1264 3953 1291 4029 5.
1306 3953 1378 4025 aff
1386 3951 1445 4009 eod.
1460 3953 1508 4008 Sic
1522 3963 1664 4023 suspectae
1675 3951 2030 4020 tabulaesuspectsiustru-

335 4035 385 4088 AB
396 4036 426 4088 in
437 4036 529 4090 vl'fflm
543 4037 642 4092 40111111
655 4040 739 4095 cadat
749 4042 894 4113 suspiciat
906 4061 936 4098 ιι.
948 4045 994 4099 50.
1206 4051 1294 4094 menta
1308 4037 1532 4108 frequentissime
1543 4037 1683 4091 dicuntur.
1693 4035 1756 4088 l‘sri
1768 4034 1851 4086 modo
1864 4044 1890 4088 et
1903 4035 2027 4088 titsesu-

336 4118 516 4187 Explicatur.
528 4139 557 4174 n.
574 4123 618 4174 51.
1205 4135 1314 4194 spectas
1327 4127 1427 4178 mentio
1440 4125 1468 4178 lit
1481 4125 1508 4177 in
1525 4126 1545 4178 i.
1556 4124 1585 4178 8.
1596 4143 1638 4197 pr.
1657 4140 1734 4178 vers.
1753 4124 1804 4178 sed
1818 4135 1846 4179 et
1863 4123 1926 4179 tilia
1937 4124 2030 4196 sirmi·

335 4199 495 4259 Dem'ditur.
508 4223 539 4260 ιι.
554 4208 598 4258 50.
1205 4208 1317 4280 tios.ffi
1327 4210 1359 4265 de
1369 4225 1475 4278 procur.
1495 4209 1588 4280 Ipsum
1607 4209 1774 4278 suspicionis
1792 4206 1958 4262 vocabulum
1978 4227 2029 4262 or·
2085 4235 2097 4284 7

338 4285 490 4360 Exempla.
502 4309 533 4345 ι1.
549 4289 593 4344 53.
606 4291 650 4356 54.
1206 4295 1294 4346 currit
1304 4295 1332 4345 iu
1344 4295 1365 4346 i.
1379 4293 1405 4347 5.
1418 4311 1443 4348 o.
1452 4293 1559 4365 defitrt.
1574 4293 1609 4347 de
1622 4293 1747 4348 esitando
1767 4291 1856 4344 aliens
1869 4291 1943 4344 bono
1963 4295 2026 4348 siro

337 4372 498 4428 dimicatur·
513 4393 542 4430 ιι.
557 4373 600 4428 55.
1204 4379 1373 4446 suspicione.
1386 4377 1419 4431 Et
1431 4379 1459 4430 iu
1472 4379 1494 4431 l.
1507 4392 1534 4429 a.
1547 4396 1572 4432 c.
1584 4374 1647 4433 eod.
1661 4377 1698 4430 ds
1709 4377 1778 4442 illo,
1790 4376 1838 4444 qui
1851 4376 1880 4428 in
1900 4376 2026 4431 criminis

333 4459 382 4514 De
390 4458 504 4529 passivo
516 4461 682 4529 suspicione.
696 4478 725 4514 n.
741 4459 785 4514 56.
878 4525 881 4528 ,
1204 4462 1388 4530 suspicionem
1403 4461 1516 4529 incidit,
1529 4463 1632 4530 agitur.
1821 4447 1825 4456 ¹

340 4543 431 4611 Quae,
446 4543 474 4597 si
484 4547 650 4609 temerario,
663 4543 775 4602 illicito.
789 4565 818 4605 ιι.
832 4545 876 4618 57.
1242 4543 1324 4612 Quod
1337 4544 1504 4614 suspicionis
1517 4543 1720 4616 homonymiam
1732 4543 1887 4609 concernit,
1907 4545 2026 4598 sumitur

337 4629 425 4684 Alias
440 4629 526 4684 licita·
540 4647 569 4682 ιι.
584 4627 627 4682 58.
642 4629 685 4700 59.
1206 4631 1253 4683 illa
1267 4632 1312 4684 rel
1326 4632 1396 4695 late,
1411 4641 1435 4686 et
1447 4630 1500 4685 hac
1514 4633 1814 4701 rationeconjecturam
1825 4633 2025 4701 praesumptio·

338 4713 432 4769 Ratio.
446 4731 474 4767 n.
488 4711 533 4765 60.
1206 4731 1287 4782 uem,
1303 4713 1454 4779 indicium,
1478 4713 1530 4768 suh
1548 4733 1578 4770 se
1600 4713 1823 4786 comprehendit,
1852 4714 1895 4766 rel
1913 4714 2023 4784 stricte,

343 4799 527 4866 Temperatur.
540 4815 569 4850 ιι.
583 4794 629 4853 61.
643 4795 690 4848 bs.
1206 4809 1338 4871 quatenus
1351 4815 1384 4851 ex
1398 4797 1509 4852 indiciis
1523 4798 1568 4854 rel
1586 4799 1668 4869 plene
1685 4797 1770 4849 nullis
1789 4797 1834 4849 sel
1855 4795 1961 4849 levibus
1980 4813 2026 4849 su-

339 4881 477 4935 Honitum
490 4877 591 4934 Jacobs·
604 4884 686 4951 regis·
703 4899 733 4934 n.
746 4879 790 4933 63.
1205 4885 1328 4956 spicsndi
1344 4885 1471 4938 materies
1488 4879 1655 4951 desumitur,
1668 4895 1694 4938 et
1715 4885 1749 4936 ita
1763 4881 1873 4934 indiciis
1887 4889 1912 4934 et
1932 4885 2026 4946 conje-

345 4964 518 5022 Testimont'o
533 4965 689 5019 Cominoet'.
703 4985 733 5019 ιι.
747 4962 792 5028 64.
805 4977 882 5036 seqq.
1207 4969 1292 5022 cturis
1305 4969 1474 5039 opponitur,
1488 4962 1522 5022 de
1535 4987 1590 5038 quo
1603 4968 1742 5040 preposite
1750 4965 2024 5038 suspicionisdescri-

342 5051 482 5118 &empta
495 5049 683 5123 suspicionum
696 5051 724 5104 in
734 5045 930 5105 contractibus.
943 5069 972 5104 ιι.
987 5047 1029 5121 67.
1207 5053 1301 5124 ptione
1313 5050 1422 5105 lucilius
1435 5049 1559 5120 judicare
1571 5052 1676 5106 licebit.

342 5135 414 5191 Atta
424 5136 562 5207 exempla.
576 5151 607 5186 n.
621 5131 666 5186 68.
680 5149 754 5206 seqq.
1242 5137 1428 5207 Syuouymum
1442 5135 1607 5204 suspicionis
1617 5145 1653 5188 est
1666 5134 1774 5188 sinistra
1789 5141 1813 5186 et
1827 5133 1898 5186 letis
1909 5131 2020 5200 opinio,
2077 5154 2094 5203 9

322 5218 464 5290 {Fraudis
478 5217 597 5288 suspicio
609 5217 745 5274 interdum
758 5215 924 5273 excluditur.
937 5237 965 5274 n·
981 5217 1023 5291 78.
1038 5238 1080 5293 79.
1208 5223 1253 5277 tel
1266 5222 1326 5276 sine
1337 5237 1418 5274 causa
1436 5218 1471 5272 de
1489 5221 1544 5274 sita
1563 5217 1740 5288 moribusque
1758 5217 1870 5270 alterius
1892 5223 2021 5284 concepte

340 5305 465 5375 Suspicio
474 5303 636 5376 quandoque
645 5302 794 5373 probando·
809 5322 837 5358 n·
852 5303 896 5356 80.
1205 5305 1349 5362 dubitatio.
1368 5301 1501 5356 Germani
1512 5303 1677 5374 plerumque
1695 5301 1854 5371 exprimunt
1870 5315 1924 5370 per
1943 5314 2022 5351 roca·
2065 5315 2095 5347 ιο

343 5389 493 5460 Exempla.
506 5407 534 5442 ιι.
545 5389 592 5441 81.
603 5405 677 5461 seqq.
1205 5393 1299 5449 bulum
1319 5387 1474 5456 Verdocltt,
1494 5406 1548 5459 qtta
1561 5405 1631 5442 soce
1641 5387 1752 5458 saepius
1764 5386 1850 5440 utitur
1861 5383 1976 5438 Carolus
1989 5383 2019 5439 V.
2092 5459 2098 5470 Ι

1206 5479 1237 5535 ιἰι
1255 5475 1396 5533 constitut.
1415 5473 1524 5530 crimin.
1546 5473 1611 5526 licet
1629 5470 1683 5525 hoc
1703 5469 1870 5524 vocabulum
1883 5485 2022 5541 praesum·

295 5593 304 5628 ,
345 5513 533 5630 suspicionis
544 5562 685 5614 materiam
698 5561 827 5631 publicae
841 5563 1015 5634 expositurus
1028 5561 1156 5632 disquisi-
1207 5562 1293 5635 ptioni
1312 5559 1396 5630 magis
1415 5557 1577 5612 conveniett
1597 5558 1668 5609 unde
1686 5554 1855 5610 commodius
1874 5553 2021 5623 exponitur

326 5647 411 5720 ⁸tioui
418 5655 500 5717 puto,
513 5645 627 5719 receptis
637 5645 850 5720 disputationum
863 5643 988 5718 legibus,
1003 5661 1073 5714 quae
1082 5661 1156 5716 prse-
1206 5663 1257 5719 per
1271 5659 1366 5699 rocem
1379 5641 1562 5724 germanicam
1574 5641 1729 5714 Argnohn,
1747 5638 1835 5693 omnis
1850 5638 1922 5692 enim
1935 5635 2022 5704 suspi-
