4396 6286
691 405 1026 494 nrsrursrm
1051 401 1279 526 onrsvn

381 621 532 733 tun
616 607 1573 736 nnnnntnttttnttu.

707 859 762 904 ΒΙΙ
785 855 953 903 PBBEUARH
973 853 1057 898 Anno
1081 851 1257 897 MDCLXXXH.

794 1039 1187 1088 attenuatur!

422 1208 635 1282 sontnnn
658 1204 875 1279 GEORGIO
895 1203 1046 1287 lllUTH,
1068 1197 1346 1294 nuo-sonrQ.
1371 1197 1567 1270 tranen·

710 1393 1270 1442 ...ψ-

881 1593 914 1662 1.
960 1589 1003 1663 ll.
1049 1591 1082 1660 J.

144 1807 253 1939 Non
278 1865 342 1932 sibi
368 1875 499 1932 tantum
523 1861 695 1930 bominem
719 1871 837 1927 uatum
861 1855 968 1925 voluit
989 1867 1131 1938 nature,
1156 1879 1221 1922 uon
1245 1858 1442 1950 parentibus
1458 1877 1604 1942 tantum,
1620 1859 1679 1930 sed
1699 1859 1826 1954 patriae

142 1977 281 2048 qnoque
304 1973 337 2022 et
361 1957 525 2045 proximo.
551 1953 603 2020 De
624 1951 783 2018 omnibus
806 1945 1091 2017 benemerendnm
1114 1947 1168 2012 illi
1193 1962 1260 2028 est,
1284 1953 1313 2017 si
1336 1949 1447 2017 olficio
1463 1975 1523 2018 sua
1538 1951 1679 2047 defungi
1695 1954 1833 2021 velites

142 2067 221 2111 asse.
248 2045 277 2112 E
304 2045 420 2111 uidem
439 2069 564 2138 parum
588 2043 746 2109 interesse
770 2037 970 2120 ridebatur,
994 2059 1064 2130 quo
1086 2038 1201 2102 animo
1224 2041 1367 2134 quisque
1389 2041 1426 2106 in
1451 2065 1508 2110 sua
1533 2043 1660 2112 feratur
1687 2065 1833 2111 commo·

141 2133 196 2200 da.
227 2071 339 2230 Vulgo
362 2137 457 2202 enim
482 2145 640 2202 assertam
665 2133 845 2212 hactenus,
868 2126 1038 2194 neminem
1064 2127 1101 2194 in
1125 2127 1270 2216 seipsum
1294 2132 1564 2222 injuriantem,
1595 2133 1832 2226 neminemque

144 2243 320 2317 eapropter
342 2225 384 2292 de
407 2250 441 2294 se
465 2225 517 2292 vel
542 2223 629 2291 male
653 2222 704 2290 rel
729 2221 815 2288 bene
837 2215 958 2286 mereri
983 2240 1086 2307 posse.
1112 2215 1242 2285 Verum
1266 2241 1307 2286 an
1332 2219 1505 2288 ordinatae
1528 2222 1695 2290 charitatis
1722 2223 1831 2317 leges,

146 2315 328 2384 inculcatas
350 2339 487 2410 quoqne
511 2317 547 2382 in
571 2317 648 2408 jure
670 2329 802 2390 nostru,
825 2309 852 2376 l.
878 2309 912 2375 6.
935 2331 968 2376 c.
992 2307 1035 2376 de
1057 2311 1170 2376 servit.
1199 2325 1439 2407 assequantur,
1475 2313 1537 2405 qui
1565 2314 1628 2380 hoe
1657 2333 1831 2398 asserunt,

144 2429 213 2474 uon
240 2409 409 2476 immerito
432 2405 588 2474 dubitare
611 2403 735 2471 liceret.
761 2402 798 2468 Si
822 2401 913 2469 enim
938 2400 1125 2480 necessitas,
1150 2424 1238 2493 quae
1268 2419 1300 2468 te
1323 2399 1364 2468 ad
1387 2401 1647 2470 succurrendum
1681 2405 1832 2496 proximo

147 2495 342 2590 adstringit,
366 2522 408 2564 ex
432 2521 472 2566 eo
495 2495 548 2566 rel
571 2497 713 2562 maxime
737 2491 919 2575 metienda,
943 2501 981 2556 ut
1005 2489 1099 2556 alteri
1124 2514 1193 2558 non
1217 2491 1352 2578 leceris,
1373 2491 1465 2584 quod
1489 2494 1554 2560 tihi
1576 2493 1700 2562 factum
1724 2494 1810 2561 nolis
1818 2521 1832 2583 ,-

147 2611 214 2654 nan
238 2587 414 2670 dissimili,
443 2600 520 2656 utut
544 2587 691 2672 inverso,
714 2583 888 2652 ratiocinio
910 2579 1065 2672 colligere
1089 2580 1215 2650 licebit:
1242 2582 1334 2677 quad
1358 2582 1481 2651 lactum
1506 2583 1570 2652 tibi
1604 2584 1712 2670 nolis,
1744 2584 1832 2654 illud

146 2703 208 2745 neu
232 2677 295 2746 tibi
319 2677 455 2765 leceris,
479 2676 532 2747 rel
556 2676 661 2744 secere
684 2672 821 2766 poteris.
846 2673 938 2740 Bene
961 2672 1076 2761 itaque
1100 2671 1142 2738 de
1167 2675 1375 2760 temeretis,
1405 2673 1434 2741 si
1459 2673 1559 2743 oflicii
1590 2675 1663 2759 tui,
1694 2701 1764 2770 quo
1790 2678 1833 2744 ad

146 2769 253 2850 sitae,
275 2770 442 2858 corporis,
467 2768 658 2862 pariterque
674 2779 708 2832 et
720 2766 849 2832 animae
872 2764 1155 2832 conservationem
1174 2766 1316 2849 teneris,
1341 2787 1410 2832 non
1435 2765 1610 2836 immemor
1622 2767 1756 2852 cristas,
1771 2768 1832 2838 sed

143 2859 276 2927 solertia
301 2857 479 2942 indelessa,
503 2858 544 2926 ad
569 2857 702 2924 illorum
726 2854 866 2922 salutem
893 2853 1168 2945 promovendam,
1193 2856 1383 2924 contendas.
1409 2851 1462 2923 De
1497 2869 1612 2963 patre,
1647 2857 1689 2926 de
1723 2863 1832 2953 patria

146 2949 198 3016 rel
216 2950 308 3018 mille
331 2943 568 3018 benemerendi
592 2946 682 3014 modi
708 2957 805 3028 sunt,
830 2967 890 3012 nce
914 2945 1081 3034 ingenuae
1106 2944 1212 3014 indoli
1237 2971 1390 3040 unquam
1414 2945 1524 3014 deficat
1540 2948 1666 3041 optime
1682 2949 1832 3018 merendi

145 3041 306 3124 intentio,
329 3039 407 3108 licet
432 3037 601 3110 interdum
626 3037 784 3104 defecerit
805 3036 939 3102 occasio.
964 3032 1018 3098 td
1044 3034 1257 3105 haecomnia
1283 3063 1361 3106 vero
1383 3039 1538 3130 quamvis
1565 3064 1655 3107 nexu
1684 3041 1832 3134 quodam

145 3131 291 3198 naturali
310 3132 587 3224 constringantur
609 3127 774 3210 homines,
800 3144 839 3193 ut
855 3125 942 3192 inde
965 3125 1054 3216 quod
1079 3151 1118 3191 ex
1139 3127 1258 3196 debito
1282 3129 1499 3220 proficiscitur
1525 3128 1691 3212 officium,
1722 3133 1834 3200 meriti

146 3225 202 3288 rix
228 3233 395 3289 mereatur
419 3222 572 3308 ti-tulum3
595 3243 670 3286 cum
696 3231 806 3285 tamen
832 3218 966 3308 saepius
989 3214 1091 3282 oflicii
1116 3221 1165 3284 sni
1193 3221 1400 3286 immemores
1424 3222 1568 3288 existant
1597 3222 1687 3290 haud
1719 3227 1834 3315 pauci,

143 3311 306 3404 praemiis
328 3312 428 3380 etiam
452 3310 618 3378 alliciendi
644 3309 797 3393 luerunt,
821 3330 890 3401 qno
910 3333 967 3398 spe
983 3309 1147 3375 commodi
1170 3335 1209 3377 ex
1233 3311 1361 3377 meritis
1376 3311 1574 3401 quaerendi,
1596 3337 1636 3382 eo
1650 3315 1834 3406 promptio-

145 3427 215 3484 res,
240 3420 274 3468 et
293 3404 426 3493 patriae
446 3415 483 3468 et
503 3398 716 3492 parentibus,
741 3413 774 3467 ct
798 3398 948 3491 proximo
971 3397 1173 3492 cuicumque
1196 3425 1229 3468 se
1252 3401 1461 3469 exhiberent.
1486 3400 1596 3490 Quam
1625 3405 1669 3472 ob
1700 3429 1833 3474 causam

145 3493 293 3576 lactum,
317 3510 355 3558 nt
379 3495 430 3560 vel
454 3495 489 3557 in
516 3491 698 3595 privilegiis
720 3515 757 3557 ac
779 3489 1049 3557 immunitatibus
1071 3491 1305 3578 concedendis,
1323 3493 1375 3560 vel
1450 3493 1545 3560 emiis
1567 3493 1833 3585 distribuendis,

145 3581 352 3676 quandoque
375 3585 472 3650 etiam
497 3584 534 3648 in
557 3605 673 3672 poeuis
697 3581 881 3672 irrogandis
904 3581 1097 3648 meritorum
1122 3583 1207 3647 ratio
1230 3583 1373 3649 nranima
1409 3581 1660 3673 labereturque
1683 3587 1829 3680 ejusdem

144 3677 243 3742 sortis
267 3674 363 3740 homo
384 3675 469 3740 mala
494 3674 605 3738 ornnia
629 3672 768 3739 meritus
792 3673 970 3738 haberetur
991 3693 1068 3736 cnm
1089 3693 1149 3755 eo,
1172 3675 1233 3766 qui
1258 3697 1318 3766 pro
1340 3671 1447 3739 salute
1470 3675 1604 3764 publica
1630 3699 1830 3767 promoven-

143 3765 184 3832 da
209 3787 341 3830 ornnem
365 3764 526 3831 hactenus
549 3761 651 3828 movit
675 3759 833 3852 lapidem.
858 3761 972 3852 Quam
996 3761 1100 3852 ipsam
1124 3766 1317 3831 meritorum
1343 3763 1515 3832 materiam
1544 3767 1736 3858 speciminis
1759 3792 1833 3836 ace»

142 3855 263 3922 demici
287 3854 358 3920 'loeo
381 3855 519 3948 seligere
565 3851 664 3918 lacuit
691 3851 789 3931 mihi,
813 3851 853 3919 ad
879 3849 1104 3920 exercitandas
1127 3854 1389 3946 qualescumque
1414 3855 1544 3946 ingenii
1575 3857 1672 3926 vires.
1699 3858 1829 3930 Verum

142 3945 341 4036 ampliorem
368 3970 458 4014 susce
486 3963 517 4010 to
540 3878 652 4010 libore
674 3941 881 4032 deprehendi
906 3941 1104 4024 materiam,
1129 3967 1229 4035 quarn
1253 3945 1297 4012 ab
1313 3944 1412 4011 initio
1428 3958 1598 4036 putarem3
1615 3949 1693 4018 hinc
1723 3951 1750 4018 si
1781 3951 1829 4019 la-

142 4061 242 4128 psum
269 4061 323 4102 rue
346 3969 488 4102 subistis
512 4031 708 4116 adverteris,
732 4033 893 4102 benevole
915 4034 1037 4114 lactor,
1060 4045 1092 4099 et
1117 4035 1330 4126 amplitudini
1355 4035 1528 4122 materiae,
1561 4051 1595 4105 et
1617 4041 1715 4108 aetati
1738 4065 1829 4111 meae

141 4128 184 4194 ad
208 4149 355 4194 errorem
377 4123 486 4192 adhuc
532 4145 654 4206 ranae,
678 4122 809 4192 reniam
835 4125 924 4192 haud
947 4121 1128 4192 difficulter
1150 4126 1316 4194 concedes.
1339 4125 1440 4216 Quod
1465 4147 1613 4221 superest
1636 4129 1748 4200 Deum
1780 4151 1830 4204 ter

139 4243 173 4284 ο.
200 4243 244 4286 ιιι.
270 4215 411 4308 supplex
436 4215 481 4282 im
508 4149 593 4294 lbra,
618 4227 656 4282 ut
679 4213 855 4282 conatibus
879 4217 930 4282 his
954 4213 1101 4306 benigne
1125 4214 1251 4302 faveat,
1274 4217 1383 4285 studia
1417 4243 1488 4287 mea
1522 4220 1649 4304 foreat,
1677 4223 1830 4320 mihique

142 4307 328 4403 aliqnando
350 4306 392 4374 de
416 4239 551 4398 publico
574 4304 815 4374 benemerendi
839 4317 874 4372 et
898 4307 982 4374 vires
1006 4315 1038 4370 et
1061 4307 1261 4375 occasionem
1287 4307 1457 4400 largiatur.

833 4459 1156 4545 carnut

533 4649 586 4717 De
612 4649 830 4718 benemeritis
851 4649 891 4717 in
913 4673 1038 4741 genere
1060 4649 1245 4742 horumque
1268 4651 1433 4743 subjecto.

377 4827 403 4877 S
424 4824 453 4878 U
467 4821 504 4875 ΙΙ
517 4822 555 4876 M
567 4823 596 4876 A
614 4823 640 4877 lt
658 4823 679 4876 1
694 4826 723 4879 A
1012 4823 1082 4897 Ejus
1092 4823 1307 4897 significationes
1318 4828 1422 4882 osmu-
1433 4847 1464 4880 n·
1480 4840 1521 4884 tt.
1538 4841 1578 4884 ts.
1589 4849 1658 4904 seqq.

695 4957 698 4964 ,
1011 4903 1255 4978 Differtegrnlis.
1268 4927 1296 4960 n.
1312 4919 1355 4962 rt.

131 4998 283 5066 Ingressus.
294 5009 322 5043 rs.
339 5003 362 5044 t.
1012 4991 1057 5044 De
1069 4993 1178 5056 merito,
1187 4990 1221 5046 de
1232 4993 1369 5064 condigna
1381 5007 1409 5050 et
1420 5013 1551 5066 congrua,
1563 5000 1711 5060 remissive.
1725 5022 1753 5056 n.
1771 5017 1814 5060 ss.

136 5077 217 5134 vnde
227 5075 372 5132 ders'ssetnr
384 5073 542 5130 decesserit.
555 5093 584 5128 n.
599 5085 622 5128 t.
636 5087 660 5130 t.
1008 5073 1176 5144 Symonyssss
1187 5074 1262 5128 serbi
1271 5075 1449 5134 benemereti.
1462 5099 1490 5132 n.
1505 5094 1545 5135 st.

133 5163 255 5225 Her-eri,
268 5157 337 5230 qnid
345 5157 494 5233 significet.²
505 5179 533 5212 n.
547 5169 570 5210 t.
1013 5157 1087 5228 Quid
1096 5159 1304 5216 hemnacum?
1317 5181 1345 5216 n.
1360 5174 1402 5220 tc.

133 5243 365 5300 Estnucabulnas
383 5260 474 5316 peras.
488 5262 516 5297 n.
533 5255 557 5298 t.
1007 5241 1299 5312 Cnrdr'catnrsactnss
1311 5245 1449 5316 efficium?
1458 5259 1540 5306 mat.

135 5331 218 5399 Quod
228 5329 361 5400 exemplis
370 5327 515 5399 probatur.
528 5345 556 5380 n.
570 5340 595 5381 t.
608 5341 631 5383 t.
1007 5325 1230 5396 Cnrstngsslure?
1241 5347 1269 5380 n.
1282 5339 1325 5382 tt.
1339 5341 1366 5384 et
1379 5341 1422 5384 ts.

136 5415 233 5470 Vars'r's
246 5415 401 5484 sppls'casur
411 5414 535 5481 ugone.
548 5430 576 5464 n.
591 5425 614 5466 s.
1010 5411 1124 5484 nequa
1136 5411 1301 5472 benemerita
1314 5415 1504 5474 adamum.
1518 5439 1546 5476 n.
1561 5433 1604 5478 ta.

134 5496 219 5568 Quod
226 5501 327 5552 iterum
339 5495 563 5568 exemplificatur.
575 5515 602 5548 n.
618 5507 641 5548 s.
1012 5495 1052 5551 Ob
1065 5495 1133 5550 baec
1143 5497 1221 5554 nulle
1232 5503 1315 5556 ectr'a.
1329 5520 1357 5554 n.
1371 5512 1416 5555 tt.

134 5583 281 5651 Quomodo
294 5582 346 5636 too
358 5581 419 5636 loca
430 5579 582 5644 seniatrn.
598 5591 639 5633 to.
1013 5580 1054 5634 ot
1067 5581 1221 5651 laecsectc
1234 5581 1349 5640 donatia
1363 5599 1473 5644 nonest
1485 5597 1718 5650 remuneraturus.
1735 5616 1763 5650 n.
1786 5607 1830 5656 tte

132 5667 328 5723 Germanicum
342 5676 380 5720 est
392 5663 548 5720 serdienen.
561 5683 588 5718 n.
606 5673 645 5716 tr.
1014 5665 1114 5736 chalr'a
1126 5664 1257 5724 deantur
1265 5671 1381 5742 pasin?
1393 5691 1421 5724 n.
1436 5685 1478 5729 ts.

123 5753 264 5811 ‚Meritum
278 5750 371 5805 itidem
382 5750 498 5806 verbnm
517 5766 607 5826 grans·
626 5767 653 5802 n.
669 5759 708 5802 tt.
1010 5750 1119 5808 Jnds'cr's
1130 5753 1245 5810 erds'trt'o
1258 5755 1301 5811 bic
1311 5758 1425 5814 mmmm
1437 5761 1576 5818 anunm.
1589 5783 1616 5819 n.
1632 5774 1673 5818 ts.

255 5834 357 5908 StrJln’t'
378 5835 441 5892 Vel.
459 5835 512 5890 IV.
1479 5854 1511 5897 tt
