4402 6284
201 309 234 366 sp
591 293 640 349 DE
657 297 734 366 ms,
753 296 818 369 Qui
837 295 1007 354 srttnvnt
1028 298 1311 356 rnovtnctttttnt
1332 314 1394 362 1!ch
1747 299 1779 355 41

145 393 263 465 inperio
289 390 448 446 immediate
472 389 601 456 subsunt,
630 393 730 446 rntione
756 411 818 447 4444
844 411 970 465 personne
1021 398 1105 450 nernli
1126 399 1205 449 441441
1225 400 1430 468 consuetudine,
1450 415 1538 454 rernm
1558 397 1780 453 Germanicarum
1801 415 1833 454 es

78 487 106 532 44
144 495 219 543 rerer,
233 491 259 532 et
269 489 398 546 qnatenus
413 475 625 538 considerantur,
640 485 667 526 ut
682 477 865 537 ecclesiastici,
883 478 969 548 Papae

144 575 253 612 romano
273 561 419 628 subjacent·
437 557 568 608 1444144411.
583 557 611 608 14
630 573 738 626 synope.
752 557 967 632 jur-‚seml.p11g.

147 656 187 696 ts.
209 644 298 697 incob.
322 645 408 694 illuni.
428 646 466 695 nd
481 659 602 710 process.
620 647 751 698 44444441.
770 646 905 698 414444.
923 658 965 700 44.

141 715 335 778 1144444144]
349 729 384 778 414
401 736 475 778 stetu
486 724 595 790 imperii
602 725 756 794 germanici
764 744 779 778 4
803 739 826 778 t.
843 745 908 780 num
925 741 965 780 44.

76 815 106 856 44
186 811 246 861 l’ari
267 811 372 863 ratione
390 809 502 878 praelati
530 807 672 860 inferiores
692 809 859 879 principibus
879 812 967 879 subje-

144 893 181 942 eli
202 907 269 944 sunt.
291 893 361 943 Licet
379 891 557 961 cuiusquoad
574 907 713 960 personum
731 902 760 945 et
775 897 965 964 tutunus,quod

142 979 353 1040 adnrirnstrant,
367 978 577 1028 ecclesiasticum
596 977 716 1046 erurupti
735 977 806 1042 sint,
820 979 905 1047 ‹puuad
919 981 964 1030 do·

140 1063 257 1114 asinium
288 1071 375 1113 tumen
402 1062 567 1130 temporale,
585 1062 657 1130 quud
683 1071 787 1122 4444444,
806 1071 833 1112 44
852 1063 963 1128 jurisdi-

141 1147 284 1207 etionern,
304 1146 326 1196 si
345 1161 421 1214 quarn
447 1151 588 1206 44444444,
606 1143 713 1195 uirilem
719 1180 728 1207 ,
748 1145 917 1214 principem,
937 1146 966 1198 iu

142 1231 221 1298 441444
242 1231 378 1281 4444144444
396 1227 511 1297 degunt,
526 1229 692 1296 superiorein
710 1243 852 1294 agnoscere
870 1237 962 1280 tenen·

144 1319 199 1366 4444.
212 1311 286 1365 Gail.
302 1311 347 1364 tlt.
370 1321 394 1364 t.
411 1313 520 1363 observ.
540 1323 583 1363 44.
603 1329 632 1364 4.
652 1320 675 1362 4.
695 1311 829 1379 Sciteplia.
849 1313 886 1364 cd
898 1329 963 1364 con·

142 1411 185 1450 44.
207 1398 308 1448 murell.
325 1413 351 1462 p.
374 1407 397 1448 t.
415 1406 435 1447 4.
456 1407 480 1448 4.
501 1402 523 1457 i.
546 1403 585 1448 44.
610 1413 637 1448 n.
662 1405 686 1444 4.
704 1395 815 1446 lllttller.
833 1395 861 1445 14
880 1405 965 1458 praet.

142 1480 193 1534 cin.
212 1479 315 1533 4444414.
344 1479 426 1532 reroi
447 1491 471 1532 4.
490 1497 518 1531 4.
541 1489 564 1531 4.
588 1494 660 1548 seqq.
686 1475 759 1530 Licet
783 1479 855 1530 44144
875 1495 963 1531 erem·

142 1562 263 1632 ptioncrn
283 1563 439 1614 clericorum
453 1562 606 1636 4444414444
621 1563 696 1630 uulgo
710 1562 805 1613 144414
826 1559 964 1614 1411414444

143 1646 309 1712 4444441444,
323 1649 392 1701 14444
408 1646 461 1699 4114
482 1646 589 1700 illorum
611 1647 678 1698 bona
698 1648 726 1698 in
747 1649 898 1710 territorio,
912 1665 964 1699 nnn

144 1729 180 1782 de
201 1730 338 1782 territorio
356 1745 416 1784 csse
433 1730 644 1795 contendentes,
665 1730 760 1783 4444144
780 1733 936 1799 reprehensi
948 1751 966 1784 a

140 1811 192 1866 4144.
211 1814 318 1884 Ziegler
334 1813 505 1868 «thoreti.
522 1815 570 1868 til.
597 1825 622 1864 4.
637 1824 658 1866 4.
685 1811 770 1884 445.
794 1825 834 1865 44.
853 1817 963 1880 certis,

139 1897 219 1950 414444
237 1899 349 1950 illorum
367 1897 548 1952 territorium.
565 1896 641 1968 confi
660 1899 706 1950 dn.
727 1899 871 1952 llecmann·
886 1901 965 1971 polit.

138 1983 249 2050 pnrull.
266 1983 370 2036 dissert.
395 1993 433 2035 44.
451 1982 518 2034 riter.
546 1993 569 2034 4.
588 1983 771 2034 bibilorninus
797 1994 887 2036 trroen
904 2001 964 2036 4444

140 2067 213 2120 inter
232 2068 346 2119 clericos
365 2067 507 2120 nonnullae
524 2083 655 2138 personae
680 2068 874 2122 ecclesiasticus
892 2069 965 2122 inre·

141 2155 272 2216 ciuntur,
299 2167 368 2221 qnue
387 2169 441 2206 nun
465 2154 551 2204 44414444
576 2151 789 2220 patrimonialia,
815 2152 861 2204 sed
884 2154 963 2205 etiuru

142 2235 259 2288 ieudalia
279 2235 395 2305 babent,
416 2236 443 2288 in
464 2236 580 2288 realibus
598 2253 686 2287 uoraru
705 2237 792 2304 judice
811 2235 885 2288 cicili
903 2250 965 2286 con·

143 2323 300 2372 veniuntur.
316 2322 408 2374 144414.
426 2321 515 2372 1114444.
534 2320 573 2372 oti
586 2335 702 2389 process.
715 2320 843 2373 44444441.
861 2319 903 2374 414.
923 2329 966 2370 44.

144 2423 172 2456 n.
195 2415 240 2456 44.
260 2405 315 2456 Do.
336 2406 444 2458 Prceses
463 2403 492 2456 14
510 2420 604 2457 enom·
619 2405 675 2472 jur·
683 2399 769 2470 seud-
781 2421 805 2456 4.
827 2417 849 2456 4.
861 2413 965 2472 ponere

142 2496 185 2540 44.
205 2488 283 2557 Quod
303 2489 413 2556 dejure
436 2503 541 2558 qrtoque
567 2487 700 2538 ntarcbino
720 2486 785 2538 44414
810 2487 965 2558 expeditum

138 2581 180 2624 est
196 2587 246 2640 per
269 2588 366 2628 444444.
388 2587 469 2638 prov.
495 2572 602 2623 4444414.
626 2571 742 2624 nonde
764 2587 814 2624 4444.
845 2583 922 2624 4444.
942 2572 965 2637 §.

143 2669 186 2710 44.
205 2658 306 2724 cerlis,
327 2659 387 2712 Soli
405 2658 434 2710 in
455 2655 586 2711 civilibus
611 2656 717 2722 444414,
737 2675 768 2710 44
787 2656 830 2711 die
854 2657 963 2711 6414414·-

138 2746 208 2796 elren
227 2743 422 2807 concerniren,
440 2743 528 2812 gleiclr
547 2741 596 2796 wie
614 2743 677 2794 41444
697 2742 877 2813 magistratui
894 2738 955 2809 inse

137 2829 222 2891 riori,
235 2829 296 2880 niso
314 2827 500 2882 incenderisit
513 2843 621 2880 uncerm
635 2827 774 2879 Commer·
782 2824 909 2878 Gericite
922 2824 966 2878 die

135 2913 313 2984 jurisdictioni
331 2915 458 2985 gelassen
476 2912 598 2976 werden,
618 2911 675 2964 44441
695 2909 747 2964 4144
772 2907 964 2962 consistorium

140 2997 225 3052 44144
243 2999 343 3052 andere
364 2997 453 3052 darie
473 3013 510 3050 44
530 2994 586 3048 siclt
606 3013 639 3049 444
656 2995 750 3050 rieden
768 2991 864 3064 irfirgt
879 3010 945 3064 reso
954 3031 963 3060 ,

143 3087 187 3138 uls
207 3086 305 3139 octone
321 3086 432 3139 ratione
448 3097 597 3138 4444444444
617 3079 882 3148 matrimonialium,
890 3081 963 3150 juris

136 3181 319 3239 potronatus,
339 3169 388 3224 wie
408 3169 480 3222 444414
494 3167 646 3222 reddituum
661 3177 687 3220 44
704 3165 901 3234 beneficiorum
921 3187 963 3221 ec·

139 3255 257 3308 41441444.
276 3255 335 3308 und
346 3265 460 3306 constan
474 3251 615 3322 cigentliclt
628 3251 712 3305 41441414
723 3252 868 3321 54144444.
882 3254 962 3305 Ρ444-

142 3350 211 3392 terea
224 3356 305 3391 uueru
318 3339 400 3391 etiam
415 3337 570 3407 provinciae
589 3337 682 3390 subire
702 3346 841 3399 tenentur,
856 3345 883 3388 et
898 3346 965 3389 tatu-

139 3439 218 3492 qnant
238 3435 316 3478 status
335 3422 511 3492 provinciales
536 3422 620 3476 444441
647 3421 680 3472 ad
699 3430 842 3472 4444444444
860 3421 964 3490 conspa-

138 3525 202 3563 rere
220 3520 367 3578 coguntnrr
388 3509 467 3576 ideo,
487 3517 516 3560 ut
538 3507 596 3559 nisi
617 3513 804 3576 compareant,
825 3504 914 3573 rigore
936 3515 965 3556 et

137 3593 197 3660 jure
218 3591 417 3663 superioritatis
438 3589 608 3643 territuriulls
626 3589 659 3643 ad
678 3589 887 3659 comparendum
906 3589 964 3641 adi-

137 3677 162 3748 gi
179 3693 262 3748 posse
281 3677 370 3729 nullm
387 3675 525 3740 dubitem,
539 3692 587 3748 per
598 3691 644 3739 44,
657 3691 725 3746 quae
745 3673 830 3726 trudit
847 3673 963 3742 llglerus

137 3764 172 3815 ab
191 3761 360 3813 Ebrenlnch.
377 3769 453 3830 port.
473 3769 497 3810 4.
516 3777 539 3812 4.
561 3769 603 3812 44.
629 3779 658 3811 4.
678 3769 690 3810 4
729 3759 804 3828 Qstae
822 3768 912 3811 autern
931 3757 964 3810 de

137 3845 306 3912 subjectione
319 3854 345 3896 et
363 3843 535 3912 exemptione
545 3843 704 3897 olorinorum
724 3844 795 3896 dictu
812 3855 890 3908 sunt,
905 3859 963 3912 spe-

139 3941 213 3982 44444
232 3929 267 3982 ud
286 3927 565 3981 romanu-catholicos.
587 3926 663 3998 Apud
682 3925 962 3996 augustenseconies·

144 4015 229 4066 414414
249 4025 385 4066 consortes
405 4028 448 4065 res
465 4011 541 4064 44441
560 4021 632 4064 curet
656 4010 753 4062 dubru:
771 4010 872 4080 quippe
890 4007 962 4078 opud

138 4117 205 4168 quos
225 4101 353 4170 praelatos
369 4107 396 4150 et
413 4097 445 4148 ad
465 4114 545 4149 unuin
556 4111 649 4148 omnes
667 4093 780 4148 clericos
793 4092 961 4162 principibus

139 4184 247 4254 optimo
267 4182 383 4234 44441444
402 4183 460 4249 jure
478 4181 600 4234 subditos
618 4197 675 4233 esse
692 4179 844 4231 asserimus.
859 4176 890 4228 ln
903 4176 961 4246 qui·

143 4269 257 4322 busdam
276 4270 430 4338 regionibus
451 4268 606 4339 principum
625 4275 781 4335 angustante
799 4260 961 4316 wulessioni

141 4357 310 4409 addictorum
330 4355 500 4407 inveniuntur
512 4353 599 4406 adbuc
612 4351 724 4421 praelati
746 4347 903 4414 inferiores,
916 4352 961 4418 qui

142 4442 239 4495 iutuitu
259 4441 404 4505 bonornm,
424 4455 490 4510 qune
515 4437 669 4508 possident,
687 4433 829 4488 ordinibus
856 4435 962 4504 prouin-

140 4527 259 4578 cratibus
271 4536 454 4588 recensentur,
468 4531 495 4576 et
507 4521 540 4574 441
557 4521 663 4574 comitis
676 4519 848 4591 provincialia
867 4533 961 4572 eccun-

138 4617 202 4673 44444
221 4609 377 4680 plerumque
397 4625 459 4662 rero
476 4606 593 4676 crpitulu
609 4617 637 4660 et
655 4604 814 4659 monasteria
833 4605 963 4658 44144444·

138 4695 265 4758 larisata,
284 4705 330 4748 aut
346 4693 379 4744 441
398 4694 464 4744 clins
483 4692 541 4762 pias
559 4707 648 4744 causas
666 4699 693 4744 el
710 4707 773 4743 usus
786 4706 879 4741 eorunt
897 4687 964 4750 red·¹

138 4775 214 4830 (litua
224 4777 363 4840 conversi,
376 4777 417 4830 rel
431 4775 513 4829 etiaur
531 4793 546 4826 a
566 4775 654 4828 seculo
668 4785 696 4828 et
713 4774 773 4843 plus
790 4789 821 4826 eo
839 4772 963 4826 demanio

139 4863 245 4915 inserta
263 4870 339 4924 444444
358 4860 406 4914 ubi
426 4875 487 4914 sero
506 4858 556 4912 boe
573 4876 627 4912 non
644 4857 760 4922 iactum,
773 4857 813 4908 ibi
832 4857 962 4928 praelatos

138 4943 224 5000 bodie
242 4943 439 5016 episcopatuum
458 4941 580 4995 44444141
598 4941 961 5014 4444444444444448414444114.

140 5028 186 5084 er
202 5045 299 5083 44444..
318 5028 424 5082 lieren.
439 5039 513 5096 port.
535 5037 558 5081 t.
575 5039 595 5082 4.
617 5039 638 5080 4.
657 5023 735 5092 §lo-
748 5045 773 5078 n.
789 5035 813 5078 4.
832 5025 961 5094 Conriug.

137 5117 169 5169 in
189 5115 297 5168 41144444.
316 5113 348 5166 414
363 5112 473 5167 constit.
498 5113 576 5178 episc.
597 5131 680 5183 germ
700 5131 728 5166 4.
748 5125 789 5166 44.
817 5113 958 5182 Sprenger.

138 5199 295 5254 14144444.
316 5198 383 5268 imp.
401 5217 425 5253 e.
446 5206 469 5248 4.
483 5217 549 5269 ρας.
572 5209 630 5251 444.
651 5198 715 5251 adt.
742 5197 797 5250 Du.
816 5195 910 5250 Rhode
928 5197 957 5251 in

140 5283 400 5352 disputationem
431 5282 593 5350 morigerati
615 5283 646 5336 414
670 5283 841 5338 44441441444.
869 5283 921 5333 lin.
943 5298 959 5332 a

1020 483 1106 550 parteis
1126 480 1210 532 4411414
1229 483 1328 550 peritus
1342 485 1439 538 illustr.
1454 487 1505 538 Dn.
1517 505 1529 537 a
1543 484 1713 538 Seclicnrlori.
1732 485 1759 536 in
1771 501 1833 560 eon·-

1018 575 1162 616 snrnmntne
1180 565 1342 617 eniditionis
1362 579 1468 620 44444414
1483 568 1528 620 iles
1546 567 1692 620 Tetetscltcn
1709 566 1835 618 Firmtm·

1017 651 1126 710 d'tuuts',
1145 659 1217 716 port.
1245 659 1267 698 t.
1285 666 1308 699 e.
1337 660 1359 701 4.
1389 669 1416 704 4.
1445 665 1468 703 4.
1496 653 1651 704 testimonio
1676 667 1724 703 sno
1742 648 1833 704 1144444
1871 663 1903 706 44

1017 731 1121 794 4441414,
1140 731 1307 800 dergleiclten
1328 737 1434 788 werden
1454 733 1826 804 44441441444114314444114
1902 787 1917 816 L

1016 829 1109 865 sorum
1129 815 1270 868 4441144144
1290 818 1424 880 Seliulen,
1445 817 1488 870 die
1505 820 1598 872 4444441
1614 819 1651 872 im
1671 821 1768 872 honde
1786 818 1835 870 mit

1022 900 1125 950 curem
1146 900 1203 952 44441
1218 901 1428 970 Herrscltnfflen
1450 903 1561 973 legales
1584 902 1661 967 41441,
1683 904 1832 956 4444444144

1017 983 1145 1034 Ν4144444
1165 985 1214 1036 der
1229 987 1370 1052 praelaten
1390 988 1573 1052 verstnnden,
1592 988 1650 1040 4441
1674 1003 1725 1038 oor
1741 987 1836 1040 Land-

1015 1069 1135 1120 d'tuemle
1151 1069 1286 1138 geleiten·
1306 1071 1368 1123 odd.
1388 1068 1503 1140 magnif?
1520 1067 1565 1120 dn.
1586 1071 1695 1124 libellus
1712 1069 1741 1122 in
1760 1085 1835 1123 4444

1017 1163 1100 1204 ment.
1119 1155 1158 1206 od
1169 1151 1306 1221 josseni
1323 1171 1385 1222 pag.
1406 1165 1446 1206 44.
1466 1172 1493 1205 o.
1513 1165 1556 1206 44.
1570 1153 1604 1204 Et
1623 1153 1782 1205 trinoctium
1801 1153 1832 1204 ln

1015 1248 1147 1287 concentu
1172 1249 1287 1288 statuum
1316 1237 1523 1306 provincialium
1551 1238 1579 1288 in
1611 1237 1723 1290 Saronla
1746 1235 1833 1305 qeroad

1015 1321 1157 1372 sessionem
1176 1320 1297 1389 collegiis
1316 1322 1503 1373 canonicorum
1522 1331 1548 1374 et
1568 1321 1725 1392 preelutnris
1742 1321 1833 1374 444414-

1016 1405 1084 1454 nilne
1101 1416 1289 1471 accensentur,
1310 1414 1376 1458 teste
1399 1405 1494 1476 Carpi.
1513 1404 1664 1474 14414441.
1697 1417 1720 1460 4.
1740 1402 1768 1456 41.
1789 1413 1830 1458 44.

1018 1505 1048 1540 14.
1064 1499 1089 1539 9.

1053 1571 1174 1641 Denique
1198 1571 1287 1625 ordini
1320 1572 1498 1626 ecclesiastico
1528 1571 1687 1642 aggregandi
1719 1571 1830 1625 veniunt
1868 1579 1901 1621 44

1016 1659 1245 1710 44444441444444
1264 1660 1455 1728 provinciales,
1469 1659 1634 1729 quiquidem
1653 1656 1738 1728 qrtosd
1756 1657 1830 1709 ordi·

1016 1737 1058 1789 nis
1071 1739 1172 1807 regulas
1191 1739 1383 1809 professionem
1397 1732 1423 1793 Ι44
1443 1751 1523 1794 status
1542 1740 1722 1792 conditionem
1735 1739 1832 1790 144444-

1017 1820 1089 1875 ‹liate
1109 1826 1236 1893 ninglstro
1263 1825 1368 1878 ordinis
1389 1824 1517 1879 teutonici
1540 1833 1646 1895 parent:
1666 1824 1695 1876 in
1722 1823 1833 1893 reliquis

1016 1907 1201 1978 principibus,
1222 1911 1249 1960 in
1269 1929 1381 1980 quornrn
1401 1912 1544 1964 territoriis
1570 1909 1707 1961 domicilia
1725 1917 1753 1960 et
1772 1924 1831 1979 pos·

1015 1993 1148 2044 sessiones
1163 1995 1276 2058 44144444
1290 1997 1370 2050 certia
1389 1995 1590 2048 conditionibus
1608 1995 1736 2056 subsunt,
1749 1993 1777 2044 in
1792 2008 1834 2044 cc·

1016 2073 1102 2124 mitiis
1123 2077 1328 2142 procincinlibus
1346 2089 1603 2147 comparent,onera
1620 2077 1701 2127 441444
1722 2073 1831 2145 provin·

1014 2157 1071 2208 4144
1091 2157 1160 2212 14444
1179 2171 1323 2228 coguntur,
1337 2161 1428 2230 qtndes
1447 2169 1510 2212 44444
1528 2159 1755 2212 commendatores
1772 2175 1833 2227 prn-

1015 2241 1141 2292 rincicles
1166 2243 1193 2293 in
1223 2245 1344 2307 bustric,
1365 2243 1490 2308 11444414,
1512 2241 1644 2307 Sasonis,
1664 2241 1831 2309 'iburingia,

1015 2321 1153 2388 biarchis,
1173 2325 1277 2377 1144414.
1299 2326 1375 2378 Plura
1394 2327 1439 2394 qui
1459 2328 1492 2378 de
1510 2327 1553 2379 liis
1571 2337 1598 2378 et
1616 2327 1739 2378 unirerso
1754 2327 1829 2379 ordi·
1869 2333 1899 2376 44

1017 2419 1048 2455 44
1069 2405 1137 2458 44144
1156 2409 1243 2476 cupit,
1262 2425 1312 2476 pro
1338 2407 1425 2459 lubitu
1450 2417 1538 2478 potest
1555 2407 1630 2460 edire
1647 2422 1725 2475 nique
1743 2425 1771 2459 se
1790 2409 1833 2460 14-

1015 2495 1120 2539 struere
1137 2505 1170 2540 cx
1191 2492 1300 2544 lectione
1320 2491 1415 2542 iboni.
1435 2492 1556 2561 Campeg.
1572 2492 1766 2545 decommend.
1785 2495 1832 2551 is-

1016 2570 1178 2640 neficiornm
1204 2572 1349 2640 Relnling.
1367 2573 1402 2625 de
1426 2575 1510 2643 regim
1535 2575 1616 2628 444441.
1642 2585 1668 2626 44
1684 2578 1747 2628 4441.
1765 2578 1783 2628 1.
1807 2591 1829 2628 4.

1014 2656 1095 2709 cicer.
1115 2670 1139 2710 4.
1159 2675 1183 2708 4.
1205 2669 1245 2710 44.
1264 2676 1291 2710 4.
1315 2669 1353 2712 ts.
1372 2675 1446 2730 seqq.
1464 2669 1491 2711 et
1508 2657 1553 2712 tit.
1576 2660 1696 2712 4414444.
1718 2670 1744 2713 4.
1761 2677 1783 2712 4.
1807 2673 1831 2712 4.

1017 2755 1044 2791 4.
1064 2751 1106 2790 44.
1125 2757 1198 2811 seqq.
1217 2739 1344 2808 Burgott.
1363 2744 1392 2796 in
1411 2753 1470 2794 444.
1488 2742 1550 2809 t'rrrp.
1565 2753 1636 2810 puri·
1658 2753 1680 2796 1.
1700 2745 1766 2796 dire.
1786 2743 1832 2796 tol

1017 2843 1042 2878 4.
1064 2837 1106 2880 44.
1124 2847 1150 2895 p.
1171 2837 1231 2881 444.
1248 2828 1360 2897 ldagnil.
1375 2830 1420 2881 4144.
1434 2829 1548 2883 libutius
1562 2823 1709 2897 iurirprud·
1726 2831 1831 2896 pulli,

1020 2924 1041 2962 4.
1060 2929 1084 2964 c.
1109 2924 1149 2964 te.
1170 2919 1191 2975 4.
1212 2925 1255 2964 44.
1279 2914 1405 2968 Abaseer.
1429 2914 1547 2968 Fritscb.
1566 2912 1597 2966 in
1617 2916 1747 2968 4444444411
1757 2916 1831 2986 juris

1014 2997 1086 3066 pubi.
1102 3017 1130 3062 p.
1153 3007 1212 3051 147.

1051 3081 1091 3134 Ne
1110 3099 1169 3135 4444
1190 3084 1218 3134 144
1238 3101 1290 3134 uno
1310 3087 1370 3154 plus
1389 3085 1503 3150 1444441
1521 3084 1622 3138 diutins
1642 3083 1779 3152 bnerensn,
1800 3087 1831 3138 441
1872 3101 1900 3140 ss

1016 3165 1068 3216 aliu
1087 3169 1180 3230 44414,
1192 3176 1219 3217 44
1239 3165 1294 3217 sisu
1313 3168 1490 3219 ecclesiastico
1510 3169 1627 3236 psuculis
1645 3167 1776 3220 nubilium
1789 3186 1832 3220 or·

1013 3251 1104 3304 dinem
1122 3250 1254 3302 delibabo.
1276 3251 1317 3330 lit·
1331 3249 1401 3320 quud
1420 3251 1452 3302 ad
1477 3251 1580 3303 nobiles
1604 3251 1712 3316 attinet,
1731 3251 1830 3319 quaeli-

999 3331 1058 3388 'bet
1076 3335 1133 3388 iere
1153 3335 1299 3405 respublica
1321 3353 1364 3386 eos
1391 3335 1474 3389 1441444.
1493 3337 1653 3389 Germanice
1678 3335 1828 3390 nobilitatis
1868 3349 1899 3392 44

1017 3421 1110 3474 titulus
1130 3419 1273 3484 militaris,
1293 3420 1422 3483 1444414114,
1442 3420 1683 3473 144441144414444
1703 3422 1831 3490 putrimo-

1017 3507 1097 3580 414114
1117 3507 1176 3559 luit.
1190 3508 1260 3576 Quia
1274 3508 1345 3558 444144
1367 3509 1479 3573 44414444
1491 3506 1574 3559 nostri
1589 3506 1734 3575 potentiam
1747 3523 1830 3574 quun·

1014 3592 1076 3645 41444
1100 3591 1222 3644 bellicum
1250 3609 1296 3660 pru
1322 3589 1376 3642 line
1402 3591 1525 3644 babuisse
1555 3592 1692 3655 ridentur3
1718 3591 1831 3661 ideoque

1013 3675 1206 3746 rempublicam
1226 3675 1257 3726 ad
1271 3675 1393 3729 militium
1409 3676 1567 3744 aptandam,
1581 3685 1607 3726 et
1622 3673 1770 3744 praecipuis
1784 3675 1832 3726 bu·

1015 3761 1126 3814 nuribus
1151 3759 1277 3812 4141444444
1306 3760 1451 3811 militarent
1478 3756 1648 3810 alliciendum
1668 3758 1830 3826 judicarunt.

1012 3841 1108 3895 Nostris
1129 3842 1211 3911 igitur
1230 3843 1370 3896 nobilitas:
1386 3855 1439 3896 4444
1456 3844 1603 3914 superioris
1621 3861 1701 3912 quarn
1720 3842 1831 3898 iuferio-

1014 3927 1052 3979 ris
1071 3927 1178 3997 gradus,
1197 3927 1310 3998 ‹lignitns
1330 3927 1457 3980 4411144414
1474 3938 1523 3981 cst.
1541 3927 1609 3979 Nam
1626 3945 1679 3996 quo
1697 3936 1826 3997 perpetuo
1868 3929 1895 3972 tt

1013 4011 1101 4062 utilite
1117 4011 1192 4080 quasi
1212 4011 1387 4082 praesidiario
1405 4010 1549 4083 imperium
1570 4010 1723 4062 instructum
1743 4019 1826 4074 esset,

1013 4096 1199 4149 rctioinreats
1218 4105 1274 4161 est,
1293 4115 1345 4166 quo
1369 4113 1433 4158 eos,
1451 4096 1497 4166 qui
1522 4093 1617 4147 bellica
1635 4093 1830 4162 4144444444-

1012 4181 1135 4243 stabcut,
1150 4198 1209 4234 curn
1230 4179 1303 4233 444441
1326 4180 1480 4251 posteritate
1493 4177 1793 4240 41114144414114444444,
1807 4189 1833 4230 44
1908 4245 1913 4258 ,

1013 4267 1089 4334 qnusi
1108 4279 1307 4331 consecrarent,
1328 4267 1408 4320 certis
1434 4266 1592 4336 quibusdam
1620 4267 1697 4320 bonis
1715 4265 1830 4318 solemni

1011 4351 1163 4404 ceremonia
1183 4351 1240 4405 illis
1258 4351 1415 4421 resignetis,
1430 4353 1478 4405 buc
1491 4352 1547 4421 lege
1566 4361 1645 4421 utque
1661 4349 1830 4414 conditione,

1012 4443 1043 4486 ut
1062 4434 1114 4504 ipsi
1133 4452 1279 4504 corumque
1298 4437 1415 4507 posteri,
1432 4448 1458 4490 et
1476 4437 1523 4506 qui
1543 4434 1672 4488 nescituri
1691 4435 1829 4488 4444444414

1014 4519 1070 4570 illis
1090 4519 1270 4583 44444411,114
1293 4520 1416 4574 leuentur
1440 4521 1564 4590 quidem,
1584 4520 1631 4573 sed
1656 4519 1776 4573 ricissint
1795 4519 1829 4574 ad

1014 4603 1140 4655 militium
1160 4604 1323 4657 subeundam
1352 4606 1517 4675 patriamqne
1535 4603 1748 4669 defendendam,
1765 4621 1827 4658 44444

1015 4689 1157 4741 necessitas
1181 4689 1309 4754 instaret,
1336 4691 1454 4761 prompti
1484 4693 1621 4762 paratique
1643 4701 1742 4744 4444444.
1773 4691 1830 4744 1144
1868 4697 1898 4738 ¹²

1012 4771 1148 4841 antiquum
1168 4772 1306 4825 feudorum
1327 4773 1478 4828 institutum
1498 4787 1552 4837 est,
1571 4775 1635 4826 licet
1653 4791 1766 4844 44444444
1784 4791 1829 4826 aa·

1013 4867 1052 4909 tas
1069 4855 1152 4909 4444144
1172 4858 1200 4909 in
1221 4859 1255 4909 iis
1274 4859 1426 4911 4444444414.
1443 4860 1509 4914 ndei.
1527 4859 1691 4928 Olelenburg.
1709 4860 1738 4912 in
1750 4860 1828 4914 11444.

1012 4943 1102 4995 eruci.
1123 4953 1146 4994 4.
1164 4959 1187 4994 4.
1208 4950 1250 4993 44.
1269 4959 1295 4994 n.
1318 4953 1341 4995 4.
1368 4943 1481 5011 Mugnif.
1503 4944 1550 4997 4144.
1570 4945 1683 4999 libellus
1704 4944 1737 4998 in
1752 4961 1829 4999 4444·

1014 5037 1093 5080 44444.
1112 5026 1152 5082 cd
1164 5025 1302 5097 y‘nsseud.
1318 5047 1380 5098 png·
1404 5038 1445 5080 44.
1464 5047 1540 5081 niem.
1567 5040 1610 5083 44.
1629 5029 1729 5082 illustr.
1746 5029 1791 5082 dn·
1810 5046 1825 5078 4

1011 5110 1189 5163 8441441441.
1218 5111 1249 5163 14
1287 5111 1436 5164 1444441444
1457 5113 1676 5174 Fdrrtenutcoe,
1700 5122 1774 5181 port.
1803 5120 1827 5161 4.

1010 5213 1035 5247 4.
1056 5207 1080 5246 4.
1100 5195 1185 5264 regal.
1206 5204 1230 5246 t.
1249 5201 1269 5256 ς.
1294 5205 1315 5246 t.
1335 5196 1387 5248 Du.
1408 5198 1520 5264 Ziegler.
1539 5196 1580 5251 od
1601 5200 1677 5250 Grot.
1690 5196 1709 5246 1.
1727 5207 1748 5246 4.
1766 5213 1789 5248 c.
1804 5207 1828 5246 s,

1011 5297 1039 5331 4.
1067 5288 1110 5330 ts.
1137 5277 1190 5332 Du.
1216 5279 1335 5332 Praeter.
1360 5279 1390 5333 144
1413 5299 1509 5334 suurn.
1521 5279 1732 5351 jurii-studui.
1757 5297 1782 5332 c.
1803 5292 1826 5332 4.

138 5367 345 5436 Franckenberg
367 5366 397 5419 in
423 5367 475 5422 4144
490 5367 527 5420 irc
551 5367 726 5436 regiennden
759 5365 829 5422 Wetr
844 5381 957 5435 gresten
1007 5385 1053 5436 qn·
1076 5373 1099 5416 4.

140 5453 341 5515 sctautrtne,
358 5468 422 5522 png.
452 5459 512 5504 444.
545 5451 619 5520 Quin
646 5453 702 5505 iuro
725 5453 754 5503 in
786 5469 838 5504 non
866 5449 957 5520 paucis

1045 5449 1076 5501 ln
1097 5449 1185 5518 specie
1209 5447 1358 5502 nobilitatis
1383 5449 1534 5502 4444411444
1555 5450 1632 5518 origo
1655 5449 1773 5502 44441444
1791 5465 1825 5502 es
1865 5471 1894 5512 η

141 5540 295 5608 principum
314 5534 524 5605 evangelicorum
542 5534 689 5589 ditionibus
701 5537 808 5604 collegia
828 5534 957 5606 professo·
1007 5543 1083 5603 parte
1094 5533 1212 5585 ilenrico
1231 5531 1332 5602 lucupi
1354 5535 1556 5598 transcribitur-3
1569 5535 1644 5600 cnjus
1658 5532 1766 5586 initium
1779 5551 1824 5586 se·-

141 5639 201 5675 ruru
219 5624 251 5674 iu
275 5617 418 5673 4441444114
444 5616 560 5688 publicis
588 5620 762 5689 praelatorum
790 5621 899 5673 nornine
915 5635 957 5670 re·
1007 5634 1038 5670 re
1065 5617 1168 5670 illustro
1193 5615 1259 5680 tuln
1278 5617 1377 5686 quippe
1399 5617 1537 5672 occasione
1559 5617 1660 5672 olnassi
1685 5617 1715 5669 in
1734 5617 1822 5672 media

137 5705 238 5784 414444,
256 5721 285 5762 ae
304 5711 386 5762 status
402 5701 579 5776 provinciales
597 5713 790 5770 uuunuotur,
804 5703 844 5757 uti
863 5703 897 5756 de
912 5721 959 5774 ge·

1009 5703 1101 5772 hyeme
1112 5702 1226 5772 adeoque
1240 5699 1269 5752 iu
1280 5701 1366 5771 gluuie
1377 5703 1451 5758 urbis
1464 5701 1666 5773 Braudeulrurgi
1673 5737 1681 5769 ,
1693 5702 1824 5774 ejectique
