<?xml version="1.0" encoding="UTF-8"?>
<!DOCTYPE html PUBLIC "-//W3C//DTD XHTML 1.0 Transitional//EN"
    "http://www.w3.org/TR/xhtml1/DTD/xhtml1-transitional.dtd">
<html xmlns="http://www.w3.org/1999/xhtml" xml:lang="en" lang="en">
 <head>
  <title>
</title>
<meta http-equiv="Content-Type" content="text/html;charset=utf-8" />
  <meta name='ocr-system' content='tesseract 3.04.00' />
  <meta name='ocr-capabilities' content='ocr_page ocr_carea ocr_par ocr_line ocrx_word'/>
</head>
<body>
  <div class='ocr_page' id='page_1' title='image "./samuelisstrykii08schogoog/samuelisstrykii08schogoog_0071.png"; bbox 0 0 4402 6284; ppageno 0'>
   <div class='ocr_carea' id='block_1_1' title="bbox 669 248 1376 311">
    <p class='ocr_par' dir='ltr' id='par_1_1' title="bbox 669 248 1376 311">
     <span class='ocr_line' id='line_1_1' title="bbox 669 248 1376 311; baseline -0.003 -3"><span class='ocrx_word' id='word_1_1' title='bbox 669 254 718 308; x_wconf 78' lang='lat' dir='ltr'><em>ott</em></span> <span class='ocrx_word' id='word_1_2' title='bbox 736 253 881 311; x_wconf 79' lang='lat' dir='ltr'><strong>EVENTU</strong></span> <span class='ocrx_word' id='word_1_3' title='bbox 899 253 937 308; x_wconf 81' lang='lat' dir='ltr'><em>IN</em></span> <span class='ocrx_word' id='word_1_4' title='bbox 954 248 1296 308; x_wconf 71' lang='lat' dir='ltr'><em>uttutnostttlttus</em></span> <span class='ocrx_word' id='word_1_5' title='bbox 1315 266 1376 308; x_wconf 81' lang='grc' dir='ltr'><em>ιιι.</em></span> 
     </span>
    </p>
   </div>
   <div class='ocr_carea' id='block_1_2' title="bbox 852 423 1191 498">
    <p class='ocr_par' dir='ltr' id='par_1_2' title="bbox 852 423 1191 498">
     <span class='ocr_line' id='line_1_2' title="bbox 852 423 1191 498; baseline -0.027 0"><span class='ocrx_word' id='word_1_6' title='bbox 852 423 1101 498; x_wconf 78' lang='lat' dir='ltr'>CAPUT</span> <span class='ocrx_word' id='word_1_7' title='bbox 1147 423 1191 490; x_wconf 86' lang='grc' dir='ltr'><em>ΙΙ.</em></span> 
     </span>
    </p>
   </div>
   <div class='ocr_carea' id='block_1_3' title="bbox 571 595 1474 669">
    <p class='ocr_par' dir='ltr' id='par_1_3' title="bbox 571 595 1474 669">
     <span class='ocr_line' id='line_1_3' title="bbox 571 595 1474 669; baseline -0.004 0"><span class='ocrx_word' id='word_1_8' title='bbox 571 602 624 669; x_wconf 91' lang='lat' dir='ltr'><em>De</em></span> <span class='ocrx_word' id='word_1_9' title='bbox 648 617 762 669; x_wconf 86' lang='lat' dir='ltr'><em>eventu</em></span> <span class='ocrx_word' id='word_1_10' title='bbox 786 603 826 667; x_wconf 91' lang='lat' dir='ltr'><em>in</em></span> <span class='ocrx_word' id='word_1_11' title='bbox 850 595 1172 667; x_wconf 79' lang='lat' dir='ltr'><em>matrimonialibus</em></span> <span class='ocrx_word' id='word_1_12' title='bbox 1199 610 1235 664; x_wconf 86' lang='lat' dir='ltr'><em>ol</em></span> <span class='ocrx_word' id='word_1_13' title='bbox 1259 595 1474 665; x_wconf 79' lang='lat' dir='ltr'><em>tutelaribus.</em></span> 
     </span>
    </p>
   </div>
   <div class='ocr_carea' id='block_1_4' title="bbox 414 785 758 844">
    <p class='ocr_par' dir='ltr' id='par_1_4' title="bbox 414 785 758 844">
     <span class='ocr_line' id='line_1_4' title="bbox 414 785 758 844; baseline -0.009 -4"><span class='ocrx_word' id='word_1_14' title='bbox 414 785 758 844; x_wconf 70' lang='lat' dir='ltr'><em>vaaAtttA</em></span> 
     </span>
    </p>
   </div>
   <div class='ocr_carea' id='block_1_5' title="bbox 168 953 997 3714">
    <p class='ocr_par' dir='ltr' id='par_1_5' title="bbox 171 953 613 1024">
     <span class='ocr_line' id='line_1_5' title="bbox 171 953 613 1024; baseline -0.007 -14"><span class='ocrx_word' id='word_1_15' title='bbox 171 954 318 1010; x_wconf 65' lang='lat' dir='ltr'><em>Fetbodus</em></span> <span class='ocrx_word' id='word_1_16' title='bbox 332 953 536 1024; x_wconf 82' lang='lat' dir='ltr'><em>disputationis.</em></span> <span class='ocrx_word' id='word_1_17' title='bbox 547 971 575 1006; x_wconf 88' lang='lat' dir='ltr'><em>n.</em></span> <span class='ocrx_word' id='word_1_18' title='bbox 591 967 613 1007; x_wconf 90' lang='grc' dir='ltr'><em>ι.</em></span> 
     </span>
    </p>

    <p class='ocr_par' dir='ltr' id='par_1_6' title="bbox 175 1037 871 1108">
     <span class='ocr_line' id='line_1_6' title="bbox 175 1037 871 1108; baseline -0.006 -16"><span class='ocrx_word' id='word_1_19' title='bbox 175 1047 317 1106; x_wconf 76' lang='lat' dir='ltr'><em>Quatenus</em></span> <span class='ocrx_word' id='word_1_20' title='bbox 326 1039 374 1108; x_wconf 75' lang='lat' dir='ltr'><em>J&#39;us</em></span> <span class='ocrx_word' id='word_1_21' title='bbox 385 1039 532 1106; x_wconf 87' lang='lat' dir='ltr'><em>personale</em></span> <span class='ocrx_word' id='word_1_22' title='bbox 542 1039 586 1092; x_wconf 83' lang='lat' dir='ltr'><em>tte</em></span> <span class='ocrx_word' id='word_1_23' title='bbox 597 1037 793 1094; x_wconf 86' lang='lat' dir='ltr'><em>consideretur.</em></span> <span class='ocrx_word' id='word_1_24' title='bbox 805 1056 833 1092; x_wconf 92' lang='grc' dir='ltr'><em>ιι.</em></span> <span class='ocrx_word' id='word_1_25' title='bbox 846 1048 871 1090; x_wconf 89' lang='grc' dir='ltr'><em>ι.</em></span> 
     </span>
    </p>

    <p class='ocr_par' dir='ltr' id='par_1_7' title="bbox 174 1121 716 1192">
     <span class='ocr_line' id='line_1_7' title="bbox 174 1121 716 1192; baseline -0.004 -17"><span class='ocrx_word' id='word_1_26' title='bbox 174 1122 327 1186; x_wconf 70' lang='lat' dir='ltr'><em>sponsalia</em></span> <span class='ocrx_word' id='word_1_27' title='bbox 343 1121 445 1190; x_wconf 90' lang='lat' dir='ltr'><em>nuptiis</em></span> <span class='ocrx_word' id='word_1_28' title='bbox 456 1133 520 1178; x_wconf 92' lang='lat' dir='ltr'><em>suut</em></span> <span class='ocrx_word' id='word_1_29' title='bbox 529 1121 635 1192; x_wconf 85' lang='lat' dir='ltr'><em>priora·</em></span> <span class='ocrx_word' id='word_1_30' title='bbox 650 1140 678 1174; x_wconf 94' lang='grc' dir='ltr'><em>ιι.</em></span> <span class='ocrx_word' id='word_1_31' title='bbox 693 1134 716 1174; x_wconf 91' lang='grc' dir='ltr'><em>ι.</em></span> 
     </span>
    </p>

    <p class='ocr_par' dir='ltr' id='par_1_8' title="bbox 175 1205 801 1275">
     <span class='ocr_line' id='line_1_8' title="bbox 175 1205 801 1275; baseline 0.003 -19"><span class='ocrx_word' id='word_1_32' title='bbox 175 1207 323 1274; x_wconf 87' lang='lat' dir='ltr'><em>Quodnam</em></span> <span class='ocrx_word' id='word_1_33' title='bbox 334 1205 482 1275; x_wconf 87' lang='lat' dir='ltr'><em>subjectum</em></span> <span class='ocrx_word' id='word_1_34' title='bbox 494 1205 721 1274; x_wconf 78' lang='lat' dir='ltr'><em>sponsaliorum?</em></span> <span class='ocrx_word' id='word_1_35' title='bbox 734 1225 761 1258; x_wconf 91' lang='grc' dir='ltr'><em>ιι.</em></span> <span class='ocrx_word' id='word_1_36' title='bbox 776 1215 801 1258; x_wconf 91' lang='grc' dir='ltr'><em>ι.</em></span> 
     </span>
    </p>

    <p class='ocr_par' dir='ltr' id='par_1_9' title="bbox 171 1285 994 1442">
     <span class='ocr_line' id='line_1_9' title="bbox 171 1285 994 1361; baseline 0.002 -17"><span class='ocrx_word' id='word_1_37' title='bbox 171 1295 220 1344; x_wconf 78' lang='lat' dir='ltr'><em>An</em></span> <span class='ocrx_word' id='word_1_38' title='bbox 234 1301 260 1341; x_wconf 83' lang='lat' dir='ltr'><em>et</em></span> <span class='ocrx_word' id='word_1_39' title='bbox 272 1290 422 1356; x_wconf 81' lang='lat' dir='ltr'><em>impuberes</em></span> <span class='ocrx_word' id='word_1_40' title='bbox 434 1291 484 1344; x_wconf 85' lang='lat' dir='ltr'><em>sub</em></span> <span class='ocrx_word' id='word_1_41' title='bbox 492 1285 597 1357; x_wconf 86' lang='lat' dir='ltr'><em>saturo</em></span> <span class='ocrx_word' id='word_1_42' title='bbox 615 1300 711 1344; x_wconf 81' lang='lat' dir='ltr'><em>eventu</em></span> <span class='ocrx_word' id='word_1_43' title='bbox 727 1291 870 1361; x_wconf 86' lang='lat' dir='ltr'><em>sponsalia</em></span> <span class='ocrx_word' id='word_1_44' title='bbox 881 1299 994 1346; x_wconf 90' lang='lat' dir='ltr'><em>contra·</em></span> 
     </span>
     <span class='ocr_line' id='line_1_10' title="bbox 207 1374 487 1442; baseline 0.004 -15"><span class='ocrx_word' id='word_1_45' title='bbox 207 1378 271 1428; x_wconf 83' lang='lat' dir='ltr'><em>ltere</em></span> <span class='ocrx_word' id='word_1_46' title='bbox 279 1374 407 1442; x_wconf 83' lang='lat' dir='ltr'><em>possint?</em></span> <span class='ocrx_word' id='word_1_47' title='bbox 419 1393 446 1428; x_wconf 93' lang='lat' dir='ltr'><em>n.</em></span> <span class='ocrx_word' id='word_1_48' title='bbox 462 1386 487 1428; x_wconf 91' lang='grc' dir='ltr'><em>ι.</em></span> 
     </span>
    </p>

    <p class='ocr_par' dir='ltr' id='par_1_10' title="bbox 169 1455 857 1530">
     <span class='ocr_line' id='line_1_11' title="bbox 169 1455 857 1530; baseline -0.004 -15"><span class='ocrx_word' id='word_1_49' title='bbox 169 1461 251 1515; x_wconf 81' lang='lat' dir='ltr'><em>Ilaec</em></span> <span class='ocrx_word' id='word_1_50' title='bbox 262 1457 407 1529; x_wconf 74' lang='lat' dir='ltr'><em>sponsalia</em></span> <span class='ocrx_word' id='word_1_51' title='bbox 419 1455 557 1530; x_wconf 89' lang='lat' dir='ltr'><em>quomodo</em></span> <span class='ocrx_word' id='word_1_52' title='bbox 569 1455 779 1513; x_wconf 79' lang='lat' dir='ltr'><em>dissolvantur?</em></span> <span class='ocrx_word' id='word_1_53' title='bbox 790 1475 820 1511; x_wconf 90' lang='grc' dir='ltr'><em>ιι.</em></span> <span class='ocrx_word' id='word_1_54' title='bbox 834 1469 857 1512; x_wconf 88' lang='grc' dir='ltr'><em>ι.</em></span> 
     </span>
    </p>

    <p class='ocr_par' dir='ltr' id='par_1_11' title="bbox 175 1541 834 1614">
     <span class='ocr_line' id='line_1_12' title="bbox 175 1541 834 1614; baseline -0.009 -14"><span class='ocrx_word' id='word_1_55' title='bbox 175 1547 256 1613; x_wconf 87' lang='lat' dir='ltr'><em>Quae</em></span> <span class='ocrx_word' id='word_1_56' title='bbox 265 1544 320 1596; x_wconf 90' lang='lat' dir='ltr'><em>sint</em></span> <span class='ocrx_word' id='word_1_57' title='bbox 331 1551 412 1614; x_wconf 74' lang='lat' dir='ltr'><em>signa</em></span> <span class='ocrx_word' id='word_1_58' title='bbox 423 1543 523 1598; x_wconf 79' lang='lat' dir='ltr'><em>tacitae</em></span> <span class='ocrx_word' id='word_1_59' title='bbox 535 1541 762 1598; x_wconf 76' lang='lat' dir='ltr'><em>ratihabitionis?</em></span> <span class='ocrx_word' id='word_1_60' title='bbox 770 1560 798 1596; x_wconf 84' lang='lat' dir='ltr'><em>n·</em></span> <span class='ocrx_word' id='word_1_61' title='bbox 810 1554 834 1595; x_wconf 91' lang='lat' dir='ltr'><em>t.</em></span> 
     </span>
    </p>

    <p class='ocr_par' dir='ltr' id='par_1_12' title="bbox 176 1625 726 1697">
     <span class='ocr_line' id='line_1_13' title="bbox 176 1625 726 1697; baseline -0.007 -15"><span class='ocrx_word' id='word_1_62' title='bbox 176 1627 326 1697; x_wconf 84' lang='lat' dir='ltr'><em>Quomodo</em></span> <span class='ocrx_word' id='word_1_63' title='bbox 340 1628 471 1682; x_wconf 89' lang='lat' dir='ltr'><em>ineuntur</em></span> <span class='ocrx_word' id='word_1_64' title='bbox 480 1625 648 1696; x_wconf 76' lang='lat' dir='ltr'><em>sponsalia?</em></span> <span class='ocrx_word' id='word_1_65' title='bbox 660 1644 688 1678; x_wconf 87' lang='grc' dir='ltr'><em>ιι.</em></span> <span class='ocrx_word' id='word_1_66' title='bbox 701 1637 726 1678; x_wconf 88' lang='grc' dir='ltr'><em>ι.</em></span> 
     </span>
    </p>

    <p class='ocr_par' dir='ltr' id='par_1_13' title="bbox 172 1709 997 1867">
     <span class='ocr_line' id='line_1_14' title="bbox 172 1709 997 1781; baseline -0.005 -14"><span class='ocrx_word' id='word_1_67' title='bbox 172 1717 252 1768; x_wconf 84' lang='lat' dir='ltr'><em>Ante</em></span> <span class='ocrx_word' id='word_1_68' title='bbox 265 1714 425 1766; x_wconf 75' lang='lat' dir='ltr'><em>existentem</em></span> <span class='ocrx_word' id='word_1_69' title='bbox 437 1711 623 1766; x_wconf 86' lang='lat' dir='ltr'><em>conditionem</em></span> <span class='ocrx_word' id='word_1_70' title='bbox 636 1731 654 1766; x_wconf 93' lang='lat' dir='ltr'><em>a</em></span> <span class='ocrx_word' id='word_1_71' title='bbox 665 1709 843 1781; x_wconf 77' lang='lat' dir='ltr'><em>sponsalibus</em></span> <span class='ocrx_word' id='word_1_72' title='bbox 860 1727 919 1765; x_wconf 89' lang='lat' dir='ltr'><em>non</em></span> <span class='ocrx_word' id='word_1_73' title='bbox 935 1711 997 1766; x_wconf 91' lang='lat' dir='ltr'><em>licet</em></span> 
     </span>
     <span class='ocr_line' id='line_1_15' title="bbox 206 1801 512 1867; baseline -0.007 -15"><span class='ocrx_word' id='word_1_74' title='bbox 206 1801 321 1855; x_wconf 80' lang='lat' dir='ltr'><em>resilire.</em></span> <span class='ocrx_word' id='word_1_75' title='bbox 335 1817 362 1852; x_wconf 89' lang='lat' dir='ltr'><em>n.</em></span> <span class='ocrx_word' id='word_1_76' title='bbox 377 1811 402 1851; x_wconf 86' lang='grc' dir='ltr'><em>ι.</em></span> <span class='ocrx_word' id='word_1_77' title='bbox 415 1807 442 1853; x_wconf 90' lang='grc' dir='ltr'><em>ιι</em></span> <span class='ocrx_word' id='word_1_78' title='bbox 455 1815 512 1867; x_wconf 89' lang='grc' dir='ltr'><em>ιιι.</em></span> 
     </span>
    </p>

    <p class='ocr_par' dir='ltr' id='par_1_14' title="bbox 169 1877 905 1944">
     <span class='ocr_line' id='line_1_16' title="bbox 169 1877 905 1944; baseline -0.012 -4"><span class='ocrx_word' id='word_1_79' title='bbox 169 1883 385 1940; x_wconf 73' lang='grc' dir='ltr'><em>Παιιίιιιοιιίιιιιι</em></span> <span class='ocrx_word' id='word_1_80' title='bbox 398 1903 415 1935; x_wconf 92' lang='lat' dir='ltr'><em>a</em></span> <span class='ocrx_word' id='word_1_81' title='bbox 428 1883 483 1938; x_wconf 84' lang='lat' dir='ltr'><em>un·</em></span> <span class='ocrx_word' id='word_1_82' title='bbox 494 1879 659 1936; x_wconf 91' lang='lat' dir='ltr'><em>auctoritate</em></span> <span class='ocrx_word' id='word_1_83' title='bbox 671 1877 807 1944; x_wconf 88' lang='lat' dir='ltr'><em>dependet.</em></span> <span class='ocrx_word' id='word_1_84' title='bbox 819 1895 847 1930; x_wconf 93' lang='lat' dir='ltr'><em>n.</em></span> <span class='ocrx_word' id='word_1_85' title='bbox 864 1890 905 1932; x_wconf 86' lang='lat' dir='ltr'><em>tt.</em></span> 
     </span>
    </p>

    <p class='ocr_par' dir='ltr' id='par_1_15' title="bbox 175 1964 919 2036">
     <span class='ocr_line' id='line_1_17' title="bbox 175 1964 919 2036; baseline -0.005 -16"><span class='ocrx_word' id='word_1_86' title='bbox 175 1971 219 2022; x_wconf 83' lang='lat' dir='ltr'><em>(lb</em></span> <span class='ocrx_word' id='word_1_87' title='bbox 234 1969 341 2036; x_wconf 91' lang='lat' dir='ltr'><em>lepram</em></span> <span class='ocrx_word' id='word_1_88' title='bbox 355 1967 547 2020; x_wconf 86' lang='lat' dir='ltr'><em>dissolvuntur</em></span> <span class='ocrx_word' id='word_1_89' title='bbox 557 1964 710 2035; x_wconf 84' lang='lat' dir='ltr'><em>sponsalia.</em></span> <span class='ocrx_word' id='word_1_90' title='bbox 725 1982 753 2016; x_wconf 92' lang='grc' dir='ltr'><em>ιι.</em></span> <span class='ocrx_word' id='word_1_91' title='bbox 772 1975 812 2015; x_wconf 88' lang='grc' dir='ltr'><em>ιι.</em></span> <span class='ocrx_word' id='word_1_92' title='bbox 827 1975 852 2016; x_wconf 90' lang='grc' dir='ltr'><em>ιι</em></span> <span class='ocrx_word' id='word_1_93' title='bbox 863 1979 919 2034; x_wconf 89' lang='lat' dir='ltr'><em>seq.</em></span> 
     </span>
    </p>

    <p class='ocr_par' dir='ltr' id='par_1_16' title="bbox 170 2047 915 2119">
     <span class='ocr_line' id='line_1_18' title="bbox 170 2047 915 2119; baseline -0.012 -10"><span class='ocrx_word' id='word_1_94' title='bbox 170 2053 317 2109; x_wconf 77' lang='lat' dir='ltr'><em>Probatur</em></span> <span class='ocrx_word' id='word_1_95' title='bbox 328 2051 450 2105; x_wconf 77' lang='lat' dir='ltr'><em>tectibus</em></span> <span class='ocrx_word' id='word_1_96' title='bbox 458 2049 531 2119; x_wconf 79' lang='lat' dir='ltr'><em>p&#39;uris</em></span> <span class='ocrx_word' id='word_1_97' title='bbox 543 2049 634 2102; x_wconf 86' lang='lat' dir='ltr'><em>diuini</em></span> <span class='ocrx_word' id='word_1_98' title='bbox 645 2057 670 2100; x_wconf 91' lang='lat' dir='ltr'><em>et</em></span> <span class='ocrx_word' id='word_1_99' title='bbox 682 2047 818 2102; x_wconf 86' lang='lat' dir='ltr'><em>canonici.</em></span> <span class='ocrx_word' id='word_1_100' title='bbox 833 2066 859 2099; x_wconf 92' lang='lat' dir='ltr'><em>n.</em></span> <span class='ocrx_word' id='word_1_101' title='bbox 876 2058 915 2100; x_wconf 90' lang='lat' dir='ltr'><em>tt.</em></span> 
     </span>
    </p>

    <p class='ocr_par' dir='ltr' id='par_1_17' title="bbox 172 2130 995 2289">
     <span class='ocr_line' id='line_1_19' title="bbox 172 2130 995 2208; baseline -0.007 -15"><span class='ocrx_word' id='word_1_102' title='bbox 172 2143 222 2193; x_wconf 86' lang='lat' dir='ltr'><em>Au</em></span> <span class='ocrx_word' id='word_1_103' title='bbox 237 2139 415 2208; x_wconf 75' lang='lat' dir='ltr'><em>magistratus</em></span> <span class='ocrx_word' id='word_1_104' title='bbox 426 2134 562 2204; x_wconf 77' lang='lat' dir='ltr'><em>ejusmodi</em></span> <span class='ocrx_word' id='word_1_105' title='bbox 573 2131 781 2186; x_wconf 87' lang='lat' dir='ltr'><em>matrimonium</em></span> <span class='ocrx_word' id='word_1_106' title='bbox 800 2130 995 2187; x_wconf 88' lang='lat' dir='ltr'><em>consentienti-</em></span> 
     </span>
     <span class='ocr_line' id='line_1_20' title="bbox 209 2215 935 2289; baseline -0.01 -15"><span class='ocrx_word' id='word_1_107' title='bbox 209 2221 261 2274; x_wconf 88' lang='lat' dir='ltr'><em>bus</em></span> <span class='ocrx_word' id='word_1_108' title='bbox 271 2220 398 2289; x_wconf 84' lang='lat' dir='ltr'><em>partibus</em></span> <span class='ocrx_word' id='word_1_109' title='bbox 408 2218 564 2287; x_wconf 78' lang='lat' dir='ltr'><em>permittere</em></span> <span class='ocrx_word' id='word_1_110' title='bbox 574 2217 661 2288; x_wconf 86' lang='lat' dir='ltr'><em>possit</em></span> <span class='ocrx_word' id='word_1_111' title='bbox 674 2215 838 2287; x_wconf 77' lang='lat' dir='ltr'><em>quaeritur?</em></span> <span class='ocrx_word' id='word_1_112' title='bbox 850 2233 878 2269; x_wconf 91' lang='lat' dir='ltr'><em>u.</em></span> <span class='ocrx_word' id='word_1_113' title='bbox 894 2226 935 2270; x_wconf 89' lang='grc' dir='ltr'><em>ιι.</em></span> 
     </span>
    </p>

    <p class='ocr_par' dir='ltr' id='par_1_18' title="bbox 170 2303 576 2377">
     <span class='ocr_line' id='line_1_21' title="bbox 170 2303 576 2377; baseline -0.012 -16"><span class='ocrx_word' id='word_1_114' title='bbox 170 2303 335 2377; x_wconf 74' lang='lat' dir='ltr'><em>Affirmant</em></span> <span class='ocrx_word' id='word_1_115' title='bbox 345 2320 475 2358; x_wconf 89' lang='lat' dir='ltr'><em>canones.</em></span> <span class='ocrx_word' id='word_1_116' title='bbox 489 2321 519 2356; x_wconf 89' lang='lat' dir='ltr'><em>n.</em></span> <span class='ocrx_word' id='word_1_117' title='bbox 536 2315 576 2356; x_wconf 90' lang='grc' dir='ltr'><em>ιι.</em></span> 
     </span>
    </p>

    <p class='ocr_par' dir='ltr' id='par_1_19' title="bbox 168 2390 688 2462">
     <span class='ocr_line' id='line_1_22' title="bbox 168 2390 688 2462; baseline -0.017 -17"><span class='ocrx_word' id='word_1_118' title='bbox 168 2393 310 2462; x_wconf 61' lang='lat' dir='ltr'><em>asportan</em></span> <span class='ocrx_word' id='word_1_119' title='bbox 323 2390 465 2458; x_wconf 91' lang='lat' dir='ltr'><em>probatur.</em></span> <span class='ocrx_word' id='word_1_120' title='bbox 480 2405 506 2440; x_wconf 90' lang='grc' dir='ltr'><em>ιι.</em></span> <span class='ocrx_word' id='word_1_121' title='bbox 525 2397 603 2440; x_wconf 89' lang='grc' dir='ltr'><em>ιι.ιι</em></span> <span class='ocrx_word' id='word_1_122' title='bbox 615 2403 688 2457; x_wconf 87' lang='grc' dir='ltr'><em>ιιιι.</em></span> 
     </span>
    </p>

    <p class='ocr_par' dir='ltr' id='par_1_20' title="bbox 171 2469 995 2628">
     <span class='ocr_line' id='line_1_23' title="bbox 171 2469 995 2530; baseline -0.005 0"><span class='ocrx_word' id='word_1_123' title='bbox 171 2481 220 2530; x_wconf 83' lang='lat' dir='ltr'><em>An</em></span> <span class='ocrx_word' id='word_1_124' title='bbox 233 2475 356 2530; x_wconf 85' lang='lat' dir='ltr'><em>ob&#39;alios</em></span> <span class='ocrx_word' id='word_1_125' title='bbox 368 2476 478 2527; x_wconf 83' lang='lat' dir='ltr'><em>morbos</em></span> <span class='ocrx_word' id='word_1_126' title='bbox 487 2471 609 2526; x_wconf 87' lang='lat' dir='ltr'><em>sonticas</em></span> <span class='ocrx_word' id='word_1_127' title='bbox 618 2483 645 2526; x_wconf 91' lang='lat' dir='ltr'><em>et</em></span> <span class='ocrx_word' id='word_1_128' title='bbox 659 2469 833 2527; x_wconf 80' lang='lat' dir='ltr'><em>insanabiles</em></span> <span class='ocrx_word' id='word_1_129' title='bbox 842 2469 995 2526; x_wconf 85' lang='lat' dir='ltr'><em>dissolvan-</em></span> 
     </span>
     <span class='ocr_line' id='line_1_24' title="bbox 208 2558 530 2628; baseline -0.009 -14"><span class='ocrx_word' id='word_1_130' title='bbox 208 2572 255 2616; x_wconf 92' lang='lat' dir='ltr'><em>tar</em></span> <span class='ocrx_word' id='word_1_131' title='bbox 265 2558 433 2628; x_wconf 83' lang='lat' dir='ltr'><em>sponsalia?</em></span> <span class='ocrx_word' id='word_1_132' title='bbox 444 2577 473 2612; x_wconf 92' lang='grc' dir='ltr'><em>ιι.</em></span> <span class='ocrx_word' id='word_1_133' title='bbox 488 2569 530 2612; x_wconf 84' lang='grc' dir='ltr'><em>ιο.</em></span> 
     </span>
    </p>

    <p class='ocr_par' dir='ltr' id='par_1_21' title="bbox 174 2641 815 2719">
     <span class='ocr_line' id='line_1_25' title="bbox 174 2641 815 2719; baseline -0.011 -18"><span class='ocrx_word' id='word_1_134' title='bbox 174 2645 348 2719; x_wconf 73' lang='lat' dir='ltr'><em>Affinnatur</em></span> <span class='ocrx_word' id='word_1_135' title='bbox 359 2646 394 2698; x_wconf 90' lang='lat' dir='ltr'><em>ob</em></span> <span class='ocrx_word' id='word_1_136' title='bbox 406 2642 525 2698; x_wconf 88' lang='lat' dir='ltr'><em>rationis</em></span> <span class='ocrx_word' id='word_1_137' title='bbox 537 2641 718 2698; x_wconf 75' lang='lat' dir='ltr'><em>identitatem.</em></span> <span class='ocrx_word' id='word_1_138' title='bbox 729 2661 758 2696; x_wconf 95' lang='grc' dir='ltr'><em>ιι.</em></span> <span class='ocrx_word' id='word_1_139' title='bbox 772 2651 815 2694; x_wconf 91' lang='grc' dir='ltr'><em>ιι.</em></span> 
     </span>
    </p>

    <p class='ocr_par' dir='ltr' id='par_1_22' title="bbox 174 2725 907 2801">
     <span class='ocr_line' id='line_1_26' title="bbox 174 2725 907 2801; baseline -0.008 -17"><span class='ocrx_word' id='word_1_140' title='bbox 174 2730 248 2801; x_wconf 90' lang='lat' dir='ltr'><em>Quid</em></span> <span class='ocrx_word' id='word_1_141' title='bbox 251 2729 327 2800; x_wconf 77' lang='lat' dir='ltr'><em>jons</em></span> <span class='ocrx_word' id='word_1_142' title='bbox 338 2731 364 2782; x_wconf 89' lang='lat' dir='ltr'><em>si</em></span> <span class='ocrx_word' id='word_1_143' title='bbox 375 2727 465 2782; x_wconf 88' lang='lat' dir='ltr'><em>morbi</em></span> <span class='ocrx_word' id='word_1_144' title='bbox 463 2725 555 2796; x_wconf 86' lang='lat' dir='ltr'><em>facile</em></span> <span class='ocrx_word' id='word_1_145' title='bbox 566 2730 661 2781; x_wconf 70' lang='lat' dir='ltr'><em>curor?</em></span> <span class='ocrx_word' id='word_1_146' title='bbox 673 2727 804 2796; x_wconf 80' lang='lat' dir='ltr'><em>possint?</em></span> <span class='ocrx_word' id='word_1_147' title='bbox 818 2743 846 2778; x_wconf 94' lang='grc' dir='ltr'><em>ιι.</em></span> <span class='ocrx_word' id='word_1_148' title='bbox 864 2733 907 2778; x_wconf 88' lang='grc' dir='ltr'><em>ιι.</em></span> 
     </span>
    </p>

    <p class='ocr_par' dir='ltr' id='par_1_23' title="bbox 174 2807 993 3051">
     <span class='ocr_line' id='line_1_27' title="bbox 174 2807 993 2879; baseline -0.01 -9"><span class='ocrx_word' id='word_1_149' title='bbox 174 2819 222 2870; x_wconf 84' lang='lat' dir='ltr'><em>An</em></span> <span class='ocrx_word' id='word_1_150' title='bbox 236 2812 378 2878; x_wconf 85' lang='lat' dir='ltr'><em>sponsalia</em></span> <span class='ocrx_word' id='word_1_151' title='bbox 397 2811 598 2873; x_wconf 83' lang='lat' dir='ltr'><em>dissolvantur,</em></span> <span class='ocrx_word' id='word_1_152' title='bbox 617 2810 643 2862; x_wconf 90' lang='lat' dir='ltr'><em>si</em></span> <span class='ocrx_word' id='word_1_153' title='bbox 659 2823 774 2876; x_wconf 87' lang='lat' dir='ltr'><em>sponsus</em></span> <span class='ocrx_word' id='word_1_154' title='bbox 787 2808 816 2859; x_wconf 92' lang='lat' dir='ltr'><em>in</em></span> <span class='ocrx_word' id='word_1_155' title='bbox 827 2807 883 2862; x_wconf 92' lang='lat' dir='ltr'><em>tale</em></span> <span class='ocrx_word' id='word_1_156' title='bbox 896 2825 993 2879; x_wconf 90' lang='lat' dir='ltr'><em>corpo·</em></span> 
     </span>
     <span class='ocr_line' id='line_1_28' title="bbox 211 2891 993 2967; baseline -0.005 -17"><span class='ocrx_word' id='word_1_157' title='bbox 211 2899 251 2950; x_wconf 91' lang='lat' dir='ltr'><em>ris</em></span> <span class='ocrx_word' id='word_1_158' title='bbox 262 2897 358 2950; x_wconf 84' lang='lat' dir='ltr'><em>vitiam</em></span> <span class='ocrx_word' id='word_1_159' title='bbox 373 2895 486 2961; x_wconf 90' lang='lat' dir='ltr'><em>incidat,</em></span> <span class='ocrx_word' id='word_1_160' title='bbox 500 2893 576 2967; x_wconf 87' lang='lat' dir='ltr'><em>quod</em></span> <span class='ocrx_word' id='word_1_161' title='bbox 587 2891 789 2964; x_wconf 62' lang='lat' dir='ltr'><em>deformitatem</em></span> <span class='ocrx_word' id='word_1_162' title='bbox 802 2892 938 2962; x_wconf 64' lang='lat' dir='ltr'><em>insignem</em></span> <span class='ocrx_word' id='word_1_163' title='bbox 949 2891 993 2965; x_wconf 84' lang='lat' dir='ltr'><em>as·</em></span> 
     </span>
     <span class='ocr_line' id='line_1_29' title="bbox 202 2980 406 3051; baseline 0.01 -17"><span class='ocrx_word' id='word_1_164' title='bbox 202 2980 305 3051; x_wconf 83' lang='lat' dir='ltr'><em>serat?</em></span> <span class='ocrx_word' id='word_1_165' title='bbox 318 3001 346 3034; x_wconf 92' lang='grc' dir='ltr'><em>ιι.</em></span> <span class='ocrx_word' id='word_1_166' title='bbox 362 2993 406 3036; x_wconf 90' lang='grc' dir='ltr'><em>ιι.</em></span> 
     </span>
    </p>

    <p class='ocr_par' dir='ltr' id='par_1_24' title="bbox 174 3063 619 3134">
     <span class='ocr_line' id='line_1_30' title="bbox 174 3063 619 3134; baseline -0.025 -11"><span class='ocrx_word' id='word_1_167' title='bbox 174 3067 308 3123; x_wconf 75' lang='lat' dir='ltr'><em>Rationes</em></span> <span class='ocrx_word' id='word_1_168' title='bbox 318 3084 370 3133; x_wconf 90' lang='lat' dir='ltr'><em>pro</em></span> <span class='ocrx_word' id='word_1_169' title='bbox 382 3063 523 3134; x_wconf 69' lang='lat' dir='ltr'><em>negativa.</em></span> <span class='ocrx_word' id='word_1_170' title='bbox 535 3081 562 3114; x_wconf 92' lang='grc' dir='ltr'><em>ιι.</em></span> <span class='ocrx_word' id='word_1_171' title='bbox 577 3071 619 3113; x_wconf 89' lang='grc' dir='ltr'><em>ιι.</em></span> 
     </span>
    </p>

    <p class='ocr_par' dir='ltr' id='par_1_25' title="bbox 172 3143 830 3224">
     <span class='ocr_line' id='line_1_31' title="bbox 172 3143 830 3224; baseline -0.017 -18"><span class='ocrx_word' id='word_1_172' title='bbox 172 3150 362 3224; x_wconf 77' lang='lat' dir='ltr'><em>Affirmative</em></span> <span class='ocrx_word' id='word_1_173' title='bbox 374 3149 508 3204; x_wconf 83' lang='lat' dir='ltr'><em>deciditur</em></span> <span class='ocrx_word' id='word_1_174' title='bbox 518 3149 585 3200; x_wconf 83' lang='lat' dir='ltr'><em>baec</em></span> <span class='ocrx_word' id='word_1_175' title='bbox 598 3143 731 3216; x_wconf 77' lang='lat' dir='ltr'><em>quaestio.</em></span> <span class='ocrx_word' id='word_1_176' title='bbox 745 3162 773 3198; x_wconf 91' lang='grc' dir='ltr'><em>ιι.</em></span> <span class='ocrx_word' id='word_1_177' title='bbox 788 3153 830 3197; x_wconf 92' lang='grc' dir='ltr'><em>ιι.</em></span> 
     </span>
    </p>

    <p class='ocr_par' dir='ltr' id='par_1_26' title="bbox 176 3225 949 3304">
     <span class='ocr_line' id='line_1_32' title="bbox 176 3225 949 3304; baseline -0.012 -14"><span class='ocrx_word' id='word_1_178' title='bbox 176 3235 252 3304; x_wconf 85' lang='lat' dir='ltr'><em>Quid</em></span> <span class='ocrx_word' id='word_1_179' title='bbox 262 3234 289 3286; x_wconf 92' lang='lat' dir='ltr'><em>si</em></span> <span class='ocrx_word' id='word_1_180' title='bbox 298 3249 400 3301; x_wconf 88' lang='lat' dir='ltr'><em>sponsa</em></span> <span class='ocrx_word' id='word_1_181' title='bbox 414 3227 559 3302; x_wconf 70' lang='lat' dir='ltr'><em>insigniter</em></span> <span class='ocrx_word' id='word_1_182' title='bbox 570 3229 702 3284; x_wconf 82' lang='lat' dir='ltr'><em>reddatur</em></span> <span class='ocrx_word' id='word_1_183' title='bbox 711 3225 851 3298; x_wconf 73' lang='lat' dir='ltr'><em>deformis.</em></span> <span class='ocrx_word' id='word_1_184' title='bbox 864 3244 892 3279; x_wconf 92' lang='grc' dir='ltr'><em>ιι.</em></span> <span class='ocrx_word' id='word_1_185' title='bbox 907 3238 949 3281; x_wconf 89' lang='grc' dir='ltr'><em>ιι.</em></span> 
     </span>
    </p>

    <p class='ocr_par' dir='ltr' id='par_1_27' title="bbox 171 3315 524 3374">
     <span class='ocr_line' id='line_1_33' title="bbox 171 3315 524 3374; baseline -0.025 0"><span class='ocrx_word' id='word_1_186' title='bbox 171 3317 258 3374; x_wconf 82' lang='lat' dir='ltr'><em>llario</em></span> <span class='ocrx_word' id='word_1_187' title='bbox 273 3315 426 3372; x_wconf 86' lang='lat' dir='ltr'><em>dubitandi.</em></span> <span class='ocrx_word' id='word_1_188' title='bbox 439 3334 466 3368; x_wconf 94' lang='grc' dir='ltr'><em>ιι.</em></span> <span class='ocrx_word' id='word_1_189' title='bbox 483 3326 524 3366; x_wconf 90' lang='grc' dir='ltr'><em>ιι.</em></span> 
     </span>
    </p>

    <p class='ocr_par' dir='ltr' id='par_1_28' title="bbox 172 3395 858 3473">
     <span class='ocr_line' id='line_1_34' title="bbox 172 3395 858 3473; baseline -0.017 -15"><span class='ocrx_word' id='word_1_190' title='bbox 172 3403 259 3458; x_wconf 76' lang='lat' dir='ltr'><em>ilatio</em></span> <span class='ocrx_word' id='word_1_191' title='bbox 274 3400 470 3473; x_wconf 76' lang='lat' dir='ltr'><em>affirmativae</em></span> <span class='ocrx_word' id='word_1_192' title='bbox 482 3395 638 3452; x_wconf 86' lang='lat' dir='ltr'><em>decisionis.</em></span> <span class='ocrx_word' id='word_1_193' title='bbox 655 3414 682 3449; x_wconf 93' lang='lat' dir='ltr'><em>n.</em></span> <span class='ocrx_word' id='word_1_194' title='bbox 697 3406 739 3448; x_wconf 87' lang='grc' dir='ltr'><em>ιι.</em></span> <span class='ocrx_word' id='word_1_195' title='bbox 752 3406 778 3450; x_wconf 88' lang='grc' dir='ltr'><em>ιι</em></span> <span class='ocrx_word' id='word_1_196' title='bbox 788 3412 858 3467; x_wconf 86' lang='grc' dir='ltr'><em>ιιιι.</em></span> 
     </span>
    </p>

    <p class='ocr_par' dir='ltr' id='par_1_29' title="bbox 172 3485 727 3542">
     <span class='ocr_line' id='line_1_35' title="bbox 172 3485 727 3542; baseline -0.018 -1"><span class='ocrx_word' id='word_1_197' title='bbox 172 3488 332 3542; x_wconf 82' lang='lat' dir='ltr'><em>Adduntur</em></span> <span class='ocrx_word' id='word_1_198' title='bbox 341 3485 531 3541; x_wconf 83' lang='lat' dir='ltr'><em>limitationes.</em></span> <span class='ocrx_word' id='word_1_199' title='bbox 544 3500 573 3534; x_wconf 90' lang='grc' dir='ltr'><em>ιι.</em></span> <span class='ocrx_word' id='word_1_200' title='bbox 589 3495 631 3534; x_wconf 89' lang='grc' dir='ltr'><em>ιο.</em></span> <span class='ocrx_word' id='word_1_201' title='bbox 645 3491 672 3534; x_wconf 91' lang='grc' dir='ltr'><em>ιι</em></span> <span class='ocrx_word' id='word_1_202' title='bbox 685 3493 727 3533; x_wconf 89' lang='grc' dir='ltr'><em>ιι.</em></span> 
     </span>
    </p>

    <p class='ocr_par' dir='ltr' id='par_1_30' title="bbox 176 3565 978 3642">
     <span class='ocr_line' id='line_1_36' title="bbox 176 3565 978 3642; baseline -0.006 -17"><span class='ocrx_word' id='word_1_203' title='bbox 176 3575 232 3626; x_wconf 83' lang='lat' dir='ltr'><em>Jus</em></span> <span class='ocrx_word' id='word_1_204' title='bbox 245 3589 284 3624; x_wconf 75' lang='lat' dir='ltr'><em>ea</em></span> <span class='ocrx_word' id='word_1_205' title='bbox 294 3571 391 3642; x_wconf 87' lang='lat' dir='ltr'><em>copula</em></span> <span class='ocrx_word' id='word_1_206' title='bbox 404 3582 571 3623; x_wconf 90' lang='lat' dir='ltr'><em>consensum</em></span> <span class='ocrx_word' id='word_1_207' title='bbox 584 3565 757 3620; x_wconf 89' lang='lat' dir='ltr'><em>matrimonii</em></span> <span class='ocrx_word' id='word_1_208' title='bbox 766 3565 879 3622; x_wconf 78' lang='lat' dir='ltr'><em>inducit.</em></span> <span class='ocrx_word' id='word_1_209' title='bbox 892 3583 921 3620; x_wconf 87' lang='lat' dir='ltr'><em>n·</em></span> <span class='ocrx_word' id='word_1_210' title='bbox 934 3575 978 3621; x_wconf 89' lang='grc' dir='ltr'><em>ιι.</em></span> 
     </span>
    </p>

    <p class='ocr_par' dir='ltr' id='par_1_31' title="bbox 172 3655 432 3714">
     <span class='ocr_line' id='line_1_37' title="bbox 172 3655 432 3714; baseline -0.012 -4"><span class='ocrx_word' id='word_1_211' title='bbox 172 3655 332 3714; x_wconf 80' lang='lat' dir='ltr'><em>Limilattsr.</em></span> <span class='ocrx_word' id='word_1_212' title='bbox 346 3673 374 3708; x_wconf 90' lang='lat' dir='ltr'><em>n.</em></span> <span class='ocrx_word' id='word_1_213' title='bbox 389 3665 432 3708; x_wconf 68' lang='lat' dir='ltr'><em>bit</em></span> 
     </span>
    </p>
   </div>
   <div class='ocr_carea' id='block_1_6' title="bbox 173 3734 1036 3810">
    <p class='ocr_par' dir='ltr' id='par_1_32' title="bbox 173 3734 1036 3810">
     <span class='ocr_line' id='line_1_38' title="bbox 173 3734 1036 3810; baseline -0.005 -16"><span class='ocrx_word' id='word_1_214' title='bbox 173 3744 224 3794; x_wconf 88' lang='lat' dir='ltr'><em>An</em></span> <span class='ocrx_word' id='word_1_215' title='bbox 243 3737 420 3808; x_wconf 77' lang='lat' dir='ltr'><em>abjurarem</em></span> <span class='ocrx_word' id='word_1_216' title='bbox 437 3736 665 3810; x_wconf 75' lang='lat' dir='ltr'><em>supervenientem</em></span> <span class='ocrx_word' id='word_1_217' title='bbox 683 3735 825 3805; x_wconf 86' lang='lat' dir='ltr'><em>sponsalia</em></span> <span class='ocrx_word' id='word_1_218' title='bbox 843 3734 997 3792; x_wconf 88' lang='lat' dir='ltr'><em>dissolven·</em></span> <span class='ocrx_word' id='word_1_219' title='bbox 1030 3797 1036 3806; x_wconf 55' lang='grc'><strong>,</strong></span> 
     </span>
    </p>
   </div>
   <div class='ocr_carea' id='block_1_7' title="bbox 169 3823 997 5740">
    <p class='ocr_par' dir='ltr' id='par_1_33' title="bbox 209 3823 364 3878">
     <span class='ocr_line' id='line_1_39' title="bbox 209 3823 364 3878; baseline -0.006 -1"><span class='ocrx_word' id='word_1_220' title='bbox 209 3823 268 3878; x_wconf 85' lang='lat' dir='ltr'><em>da?</em></span> <span class='ocrx_word' id='word_1_221' title='bbox 282 3843 308 3878; x_wconf 92' lang='grc' dir='ltr'><em>ιι.</em></span> <span class='ocrx_word' id='word_1_222' title='bbox 324 3836 364 3877; x_wconf 88' lang='grc' dir='ltr'><em>ιι.</em></span> 
     </span>
    </p>

    <p class='ocr_par' dir='ltr' id='par_1_34' title="bbox 173 3883 829 3979">
     <span class='ocr_line' id='line_1_40' title="bbox 173 3883 829 3979; baseline -0.012 -14"><span class='ocrx_word' id='word_1_223' title='bbox 173 3909 259 3964; x_wconf 71' lang='lat' dir='ltr'><em>Ratio</em></span> <span class='ocrx_word' id='word_1_224' title='bbox 273 3883 462 3979; x_wconf 74' lang='lat' dir='ltr'><em>affirmativae</em></span> <span class='ocrx_word' id='word_1_225' title='bbox 474 3905 627 3962; x_wconf 88' lang='lat' dir='ltr'><em>decisionis.</em></span> <span class='ocrx_word' id='word_1_226' title='bbox 640 3925 667 3961; x_wconf 92' lang='lat' dir='ltr'><em>n.</em></span> <span class='ocrx_word' id='word_1_227' title='bbox 681 3919 722 3960; x_wconf 91' lang='grc' dir='ltr'><em>ιι.</em></span> <span class='ocrx_word' id='word_1_228' title='bbox 735 3916 762 3960; x_wconf 91' lang='grc' dir='ltr'><em>ιι</em></span> <span class='ocrx_word' id='word_1_229' title='bbox 774 3921 829 3976; x_wconf 87' lang='grc' dir='ltr'><em>ιιι.</em></span> 
     </span>
    </p>

    <p class='ocr_par' dir='ltr' id='par_1_35' title="bbox 173 3993 436 4049">
     <span class='ocr_line' id='line_1_41' title="bbox 173 3993 436 4049; baseline -0.015 -1"><span class='ocrx_word' id='word_1_230' title='bbox 173 3993 336 4049; x_wconf 64' lang='lat' dir='ltr'><em>limitatur.</em></span> <span class='ocrx_word' id='word_1_231' title='bbox 349 4013 378 4046; x_wconf 92' lang='grc' dir='ltr'><em>ιι.</em></span> <span class='ocrx_word' id='word_1_232' title='bbox 393 4004 436 4046; x_wconf 90' lang='grc' dir='ltr'><em>ιι.</em></span> 
     </span>
    </p>

    <p class='ocr_par' dir='ltr' id='par_1_36' title="bbox 169 4075 996 4213">
     <span class='ocr_line' id='line_1_42' title="bbox 169 4075 996 4146; baseline -0.002 -16"><span class='ocrx_word' id='word_1_233' title='bbox 169 4077 336 4132; x_wconf 80' lang='lat' dir='ltr'><em>Fornicatio</em></span> <span class='ocrx_word' id='word_1_234' title='bbox 365 4075 543 4132; x_wconf 90' lang='lat' dir='ltr'><em>matrimonio</em></span> <span class='ocrx_word' id='word_1_235' title='bbox 572 4077 772 4146; x_wconf 81' lang='lat' dir='ltr'><em>superveniens</em></span> <span class='ocrx_word' id='word_1_236' title='bbox 799 4077 830 4130; x_wconf 95' lang='lat' dir='ltr'><em>id</em></span> <span class='ocrx_word' id='word_1_237' title='bbox 854 4075 996 4136; x_wconf 82' lang='lat' dir='ltr'><em>dissolvit.</em></span> 
     </span>
     <span class='ocr_line' id='line_1_43' title="bbox 210 4171 302 4213; baseline -0.033 0"><span class='ocrx_word' id='word_1_238' title='bbox 210 4181 239 4213; x_wconf 92' lang='grc' dir='ltr'><em>ιι.</em></span> <span class='ocrx_word' id='word_1_239' title='bbox 259 4171 302 4213; x_wconf 85' lang='grc' dir='ltr'><em>ιι.</em></span> 
     </span>
    </p>

    <p class='ocr_par' dir='ltr' id='par_1_37' title="bbox 173 4233 997 4390">
     <span class='ocr_line' id='line_1_44' title="bbox 173 4233 997 4306; baseline 0.004 -20"><span class='ocrx_word' id='word_1_240' title='bbox 173 4235 224 4286; x_wconf 77' lang='lat' dir='ltr'><em>An</em></span> <span class='ocrx_word' id='word_1_241' title='bbox 239 4235 397 4301; x_wconf 86' lang='lat' dir='ltr'><em>sponsalia,</em></span> <span class='ocrx_word' id='word_1_242' title='bbox 408 4235 435 4289; x_wconf 91' lang='lat' dir='ltr'><em>si</em></span> <span class='ocrx_word' id='word_1_243' title='bbox 446 4249 551 4303; x_wconf 88' lang='lat' dir='ltr'><em>sponsa</em></span> <span class='ocrx_word' id='word_1_244' title='bbox 563 4233 596 4288; x_wconf 86' lang='lat' dir='ltr'><em>vi</em></span> <span class='ocrx_word' id='word_1_245' title='bbox 605 4234 730 4299; x_wconf 80' lang='lat' dir='ltr'><em>praecisa</em></span> <span class='ocrx_word' id='word_1_246' title='bbox 748 4233 861 4306; x_wconf 73' lang='lat' dir='ltr'><em>cognita</em></span> <span class='ocrx_word' id='word_1_247' title='bbox 874 4237 926 4300; x_wconf 84' lang='lat' dir='ltr'><em>sit,</em></span> <span class='ocrx_word' id='word_1_248' title='bbox 939 4235 997 4289; x_wconf 87' lang='lat' dir='ltr'><em>dis·</em></span> 
     </span>
     <span class='ocr_line' id='line_1_45' title="bbox 209 4315 709 4390; baseline 0.008 -23"><span class='ocrx_word' id='word_1_249' title='bbox 209 4315 288 4368; x_wconf 83' lang='lat' dir='ltr'><em>solvi</em></span> <span class='ocrx_word' id='word_1_250' title='bbox 299 4316 435 4383; x_wconf 82' lang='lat' dir='ltr'><em>debeant,</em></span> <span class='ocrx_word' id='word_1_251' title='bbox 450 4319 614 4390; x_wconf 83' lang='lat' dir='ltr'><em>quaeritur?</em></span> <span class='ocrx_word' id='word_1_252' title='bbox 625 4339 653 4373; x_wconf 86' lang='lat' dir='ltr'><em>n·</em></span> <span class='ocrx_word' id='word_1_253' title='bbox 667 4331 709 4372; x_wconf 87' lang='grc' dir='ltr'><em>ιι.</em></span> 
     </span>
    </p>

    <p class='ocr_par' dir='ltr' id='par_1_38' title="bbox 172 4401 753 4475">
     <span class='ocr_line' id='line_1_46' title="bbox 172 4401 753 4475; baseline 0 -19"><span class='ocrx_word' id='word_1_254' title='bbox 172 4401 352 4466; x_wconf 75' lang='lat' dir='ltr'><em>Proponitur</em></span> <span class='ocrx_word' id='word_1_255' title='bbox 363 4402 436 4456; x_wconf 90' lang='lat' dir='ltr'><em>ratio</em></span> <span class='ocrx_word' id='word_1_256' title='bbox 449 4419 499 4468; x_wconf 92' lang='lat' dir='ltr'><em>pro</em></span> <span class='ocrx_word' id='word_1_257' title='bbox 514 4405 656 4475; x_wconf 77' lang='lat' dir='ltr'><em>negativa.</em></span> <span class='ocrx_word' id='word_1_258' title='bbox 670 4423 699 4459; x_wconf 92' lang='grc' dir='ltr'><em>ιι.</em></span> <span class='ocrx_word' id='word_1_259' title='bbox 711 4415 753 4457; x_wconf 87' lang='grc' dir='ltr'><em>ιο.</em></span> 
     </span>
    </p>

    <p class='ocr_par' dir='ltr' id='par_1_39' title="bbox 174 4487 749 4560">
     <span class='ocr_line' id='line_1_47' title="bbox 174 4487 749 4560; baseline -0.002 -19"><span class='ocrx_word' id='word_1_260' title='bbox 174 4487 370 4560; x_wconf 79' lang='lat' dir='ltr'><em>Affirmatioa</em></span> <span class='ocrx_word' id='word_1_261' title='bbox 380 4487 545 4557; x_wconf 68' lang='lat' dir='ltr'><em>definditur.</em></span> <span class='ocrx_word' id='word_1_262' title='bbox 557 4509 585 4543; x_wconf 91' lang='grc' dir='ltr'><em>ιι.</em></span> <span class='ocrx_word' id='word_1_263' title='bbox 601 4499 643 4542; x_wconf 92' lang='grc' dir='ltr'><em>ιι.</em></span> <span class='ocrx_word' id='word_1_264' title='bbox 657 4502 683 4544; x_wconf 89' lang='grc' dir='ltr'><em>ιι</em></span> <span class='ocrx_word' id='word_1_265' title='bbox 693 4507 749 4560; x_wconf 84' lang='grc' dir='ltr'><em>ιιι.</em></span> 
     </span>
    </p>

    <p class='ocr_par' dir='ltr' id='par_1_40' title="bbox 175 4573 995 4714">
     <span class='ocr_line' id='line_1_48' title="bbox 175 4573 995 4647; baseline 0.001 -19"><span class='ocrx_word' id='word_1_266' title='bbox 175 4577 226 4628; x_wconf 87' lang='lat' dir='ltr'><em>An</em></span> <span class='ocrx_word' id='word_1_267' title='bbox 241 4575 276 4628; x_wconf 86' lang='lat' dir='ltr'><em>ab</em></span> <span class='ocrx_word' id='word_1_268' title='bbox 287 4584 475 4645; x_wconf 84' lang='lat' dir='ltr'><em>paupertatem</em></span> <span class='ocrx_word' id='word_1_269' title='bbox 487 4574 721 4647; x_wconf 80' lang='lat' dir='ltr'><em>supervenientem</em></span> <span class='ocrx_word' id='word_1_270' title='bbox 733 4575 776 4629; x_wconf 88' lang='lat' dir='ltr'><em>dis</em></span> <span class='ocrx_word' id='word_1_271' title='bbox 787 4573 903 4628; x_wconf 89' lang='lat' dir='ltr'><em>olvenda</em></span> <span class='ocrx_word' id='word_1_272' title='bbox 912 4589 995 4644; x_wconf 88' lang='lat' dir='ltr'><em>spon-</em></span> 
     </span>
     <span class='ocr_line' id='line_1_49' title="bbox 210 4659 403 4714; baseline -0.005 -2"><span class='ocrx_word' id='word_1_273' title='bbox 210 4659 344 4714; x_wconf 80' lang='lat' dir='ltr'><em>salioin</em></span> <span class='ocrx_word' id='word_1_274' title='bbox 360 4669 403 4712; x_wconf 92' lang='grc' dir='ltr'><em>ιι.</em></span> 
     </span>
    </p>

    <p class='ocr_par' dir='ltr' id='par_1_41' title="bbox 173 4741 853 4816">
     <span class='ocr_line' id='line_1_50' title="bbox 173 4741 853 4816; baseline -0.004 -17"><span class='ocrx_word' id='word_1_275' title='bbox 173 4741 456 4816; x_wconf 77' lang='lat' dir='ltr'><em>Decidisurqaaestio</em></span> <span class='ocrx_word' id='word_1_276' title='bbox 470 4761 530 4797; x_wconf 91' lang='lat' dir='ltr'><em>cum</em></span> <span class='ocrx_word' id='word_1_277' title='bbox 543 4743 726 4800; x_wconf 87' lang='lat' dir='ltr'><em>distinctione.</em></span> <span class='ocrx_word' id='word_1_278' title='bbox 739 4761 765 4796; x_wconf 91' lang='grc' dir='ltr'><em>ιι.</em></span> <span class='ocrx_word' id='word_1_279' title='bbox 780 4754 822 4798; x_wconf 92' lang='grc' dir='ltr'><em>ιι.</em></span> <span class='ocrx_word' id='word_1_280' title='bbox 850 4771 853 4778; x_wconf 80' lang='lat'><em>,</em></span> 
     </span>
    </p>

    <p class='ocr_par' dir='ltr' id='par_1_42' title="bbox 178 4826 930 4900">
     <span class='ocr_line' id='line_1_51' title="bbox 178 4826 930 4900; baseline 0.005 -18"><span class='ocrx_word' id='word_1_281' title='bbox 178 4828 254 4896; x_wconf 87' lang='lat' dir='ltr'><em>Quid</em></span> <span class='ocrx_word' id='word_1_282' title='bbox 261 4827 287 4880; x_wconf 92' lang='lat' dir='ltr'><em>si</em></span> <span class='ocrx_word' id='word_1_283' title='bbox 299 4826 446 4897; x_wconf 85' lang='lat' dir='ltr'><em>sponsalia</em></span> <span class='ocrx_word' id='word_1_284' title='bbox 453 4827 740 4900; x_wconf 78' lang='lat' dir='ltr'><em>juramentofirmata</em></span> <span class='ocrx_word' id='word_1_285' title='bbox 753 4828 830 4884; x_wconf 85' lang='lat' dir='ltr'><em>sint?</em></span> <span class='ocrx_word' id='word_1_286' title='bbox 843 4848 871 4884; x_wconf 93' lang='grc' dir='ltr'><em>ιι.</em></span> <span class='ocrx_word' id='word_1_287' title='bbox 890 4841 930 4886; x_wconf 88' lang='grc' dir='ltr'><em>ιι.</em></span> 
     </span>
    </p>

    <p class='ocr_par' dir='ltr' id='par_1_43' title="bbox 176 4911 977 4980">
     <span class='ocr_line' id='line_1_52' title="bbox 176 4911 977 4980; baseline 0.007 -15"><span class='ocrx_word' id='word_1_288' title='bbox 176 4914 353 4980; x_wconf 81' lang='lat' dir='ltr'><em>Propanisus</em></span> <span class='ocrx_word' id='word_1_289' title='bbox 364 4913 436 4966; x_wconf 90' lang='lat' dir='ltr'><em>ratio</em></span> <span class='ocrx_word' id='word_1_290' title='bbox 449 4911 619 4966; x_wconf 90' lang='lat' dir='ltr'><em>distintionis</em></span> <span class='ocrx_word' id='word_1_291' title='bbox 630 4911 743 4967; x_wconf 87' lang='lat' dir='ltr'><em>alterius</em></span> <span class='ocrx_word' id='word_1_292' title='bbox 756 4915 879 4970; x_wconf 89' lang='lat' dir='ltr'><em>membri.</em></span> <span class='ocrx_word' id='word_1_293' title='bbox 890 4933 919 4969; x_wconf 93' lang='lat' dir='ltr'><em>n.</em></span> <span class='ocrx_word' id='word_1_294' title='bbox 935 4927 977 4971; x_wconf 90' lang='grc' dir='ltr'><em>ιι.</em></span> 
     </span>
    </p>

    <p class='ocr_par' dir='ltr' id='par_1_44' title="bbox 175 4996 656 5067">
     <span class='ocr_line' id='line_1_53' title="bbox 175 4996 656 5067; baseline -0.01 -15"><span class='ocrx_word' id='word_1_295' title='bbox 175 4997 372 5067; x_wconf 68' lang='lat' dir='ltr'><em>despondetur</em></span> <span class='ocrx_word' id='word_1_296' title='bbox 382 4996 559 5052; x_wconf 82' lang='lat' dir='ltr'><em>dissentienti.</em></span> <span class='ocrx_word' id='word_1_297' title='bbox 573 5017 600 5051; x_wconf 91' lang='grc' dir='ltr'><em>ιι.</em></span> <span class='ocrx_word' id='word_1_298' title='bbox 615 5007 656 5049; x_wconf 92' lang='grc' dir='ltr'><em>ιι.</em></span> 
     </span>
    </p>

    <p class='ocr_par' dir='ltr' id='par_1_45' title="bbox 178 5079 996 5306">
     <span class='ocr_line' id='line_1_54' title="bbox 178 5079 995 5153; baseline 0.001 -16"><span class='ocrx_word' id='word_1_299' title='bbox 178 5088 229 5138; x_wconf 85' lang='lat' dir='ltr'><em>An</em></span> <span class='ocrx_word' id='word_1_300' title='bbox 250 5081 411 5153; x_wconf 84' lang='lat' dir='ltr'><em>sponsalia,</em></span> <span class='ocrx_word' id='word_1_301' title='bbox 430 5079 465 5135; x_wconf 94' lang='lat' dir='ltr'><em>ob</em></span> <span class='ocrx_word' id='word_1_302' title='bbox 484 5079 513 5134; x_wconf 91' lang='lat' dir='ltr'><em>id</em></span> <span class='ocrx_word' id='word_1_303' title='bbox 529 5080 605 5152; x_wconf 90' lang='lat' dir='ltr'><em>quod</em></span> <span class='ocrx_word' id='word_1_304' title='bbox 624 5079 750 5136; x_wconf 86' lang='lat' dir='ltr'><em>alterutri</em></span> <span class='ocrx_word' id='word_1_305' title='bbox 765 5081 839 5147; x_wconf 84' lang='lat' dir='ltr'><em>porti</em></span> <span class='ocrx_word' id='word_1_306' title='bbox 858 5081 995 5152; x_wconf 89' lang='lat' dir='ltr'><em>insperata</em></span> 
     </span>
     <span class='ocr_line' id='line_1_55' title="bbox 212 5165 996 5241; baseline 0.006 -19"><span class='ocrx_word' id='word_1_307' title='bbox 212 5170 310 5241; x_wconf 72' lang='lat' dir='ltr'><em>ingens</em></span> <span class='ocrx_word' id='word_1_308' title='bbox 324 5166 484 5221; x_wconf 86' lang='lat' dir='ltr'><em>divitiarum</em></span> <span class='ocrx_word' id='word_1_309' title='bbox 503 5165 628 5222; x_wconf 87' lang='lat' dir='ltr'><em>cumulus</em></span> <span class='ocrx_word' id='word_1_310' title='bbox 638 5175 777 5224; x_wconf 85' lang='lat' dir='ltr'><em>accrescat</em></span> <span class='ocrx_word' id='word_1_311' title='bbox 794 5166 996 5227; x_wconf 76' lang='lat' dir='ltr'><em>dissolvenda?</em></span> 
     </span>
     <span class='ocr_line' id='line_1_56' title="bbox 214 5263 303 5306; baseline -0.011 0"><span class='ocrx_word' id='word_1_312' title='bbox 214 5271 241 5306; x_wconf 90' lang='lat' dir='ltr'><em>n.</em></span> <span class='ocrx_word' id='word_1_313' title='bbox 262 5263 303 5305; x_wconf 72' lang='grc' dir='ltr'><em>ιι.</em></span> 
     </span>
    </p>

    <p class='ocr_par' dir='ltr' id='par_1_46' title="bbox 180 5336 585 5406">
     <span class='ocr_line' id='line_1_57' title="bbox 180 5336 585 5406; baseline -0.012 -15"><span class='ocrx_word' id='word_1_314' title='bbox 180 5339 341 5392; x_wconf 84' lang='lat' dir='ltr'><em>tttassrotur</em></span> <span class='ocrx_word' id='word_1_315' title='bbox 351 5336 485 5406; x_wconf 69' lang='lat' dir='ltr'><em>exemplo.</em></span> <span class='ocrx_word' id='word_1_316' title='bbox 499 5354 528 5390; x_wconf 91' lang='grc' dir='ltr'><em>ιι.</em></span> <span class='ocrx_word' id='word_1_317' title='bbox 543 5343 585 5387; x_wconf 97' lang='grc' dir='ltr'><em>ιι.</em></span> 
     </span>
    </p>

    <p class='ocr_par' dir='ltr' id='par_1_47' title="bbox 179 5417 853 5488">
     <span class='ocr_line' id='line_1_58' title="bbox 179 5417 853 5488; baseline 0.001 -18"><span class='ocrx_word' id='word_1_318' title='bbox 179 5427 274 5477; x_wconf 69' lang='lat' dir='ltr'><em>status</em></span> <span class='ocrx_word' id='word_1_319' title='bbox 284 5419 478 5488; x_wconf 83' lang='lat' dir='ltr'><em>partium&#39;noa</em></span> <span class='ocrx_word' id='word_1_320' title='bbox 492 5417 584 5472; x_wconf 85' lang='lat' dir='ltr'><em>irritat</em></span> <span class='ocrx_word' id='word_1_321' title='bbox 596 5417 756 5488; x_wconf 81' lang='lat' dir='ltr'><em>sponsalia,</em></span> <span class='ocrx_word' id='word_1_322' title='bbox 768 5435 795 5472; x_wconf 95' lang='grc' dir='ltr'><em>ιι.</em></span> <span class='ocrx_word' id='word_1_323' title='bbox 810 5430 853 5474; x_wconf 89' lang='grc' dir='ltr'><em>ιι.</em></span> 
     </span>
    </p>

    <p class='ocr_par' dir='ltr' id='par_1_48' title="bbox 181 5503 769 5577">
     <span class='ocr_line' id='line_1_59' title="bbox 181 5503 769 5577; baseline -0.003 -19"><span class='ocrx_word' id='word_1_324' title='bbox 181 5505 364 5559; x_wconf 83' lang='lat' dir='ltr'><em>Adducuntur</em></span> <span class='ocrx_word' id='word_1_325' title='bbox 374 5503 562 5558; x_wconf 76' lang='lat' dir='ltr'><em>limitmiones.</em></span> <span class='ocrx_word' id='word_1_326' title='bbox 575 5519 604 5556; x_wconf 93' lang='grc' dir='ltr'><em>ιι.</em></span> <span class='ocrx_word' id='word_1_327' title='bbox 620 5513 663 5556; x_wconf 92' lang='grc' dir='ltr'><em>ιι.</em></span> <span class='ocrx_word' id='word_1_328' title='bbox 675 5512 702 5556; x_wconf 89' lang='grc' dir='ltr'><em>ιι</em></span> <span class='ocrx_word' id='word_1_329' title='bbox 713 5519 769 5577; x_wconf 90' lang='lat' dir='ltr'><em>seq.</em></span> 
     </span>
    </p>

    <p class='ocr_par' dir='ltr' id='par_1_49' title="bbox 182 5587 995 5740">
     <span class='ocr_line' id='line_1_60' title="bbox 182 5587 995 5646; baseline -0.002 -2"><span class='ocrx_word' id='word_1_330' title='bbox 182 5589 392 5644; x_wconf 67' lang='lat' dir='ltr'><em>Matrimonium</em></span> <span class='ocrx_word' id='word_1_331' title='bbox 410 5587 446 5642; x_wconf 88' lang='lat' dir='ltr'><em>ob</em></span> <span class='ocrx_word' id='word_1_332' title='bbox 468 5590 520 5642; x_wconf 84' lang='lat' dir='ltr'><em>uos</em></span> <span class='ocrx_word' id='word_1_333' title='bbox 537 5601 637 5642; x_wconf 90' lang='lat' dir='ltr'><em>causas</em></span> <span class='ocrx_word' id='word_1_334' title='bbox 654 5598 739 5642; x_wconf 89' lang='lat' dir='ltr'><em>antea</em></span> <span class='ocrx_word' id='word_1_335' title='bbox 758 5597 934 5646; x_wconf 85' lang='lat' dir='ltr'><em>enumeratas</em></span> <span class='ocrx_word' id='word_1_336' title='bbox 950 5603 995 5644; x_wconf 88' lang='lat' dir='ltr'><em>stt·</em></span> 
     </span>
     <span class='ocr_line' id='line_1_61' title="bbox 215 5671 745 5740; baseline -0.009 -11"><span class='ocrx_word' id='word_1_337' title='bbox 215 5673 398 5740; x_wconf 72' lang='lat' dir='ltr'><em>pervenientes</em></span> <span class='ocrx_word' id='word_1_338' title='bbox 409 5689 467 5730; x_wconf 89' lang='lat' dir='ltr'><em>aon</em></span> <span class='ocrx_word' id='word_1_339' title='bbox 478 5671 646 5729; x_wconf 86' lang='lat' dir='ltr'><em>dissolvitur.</em></span> <span class='ocrx_word' id='word_1_340' title='bbox 658 5689 687 5728; x_wconf 94' lang='grc' dir='ltr'><em>ιι.</em></span> <span class='ocrx_word' id='word_1_341' title='bbox 703 5682 745 5726; x_wconf 89' lang='grc' dir='ltr'><em>ιι.</em></span> 
     </span>
    </p>
   </div>
   <div class='ocr_carea' id='block_1_8' title="bbox 1054 769 1465 840">
    <p class='ocr_par' dir='ltr' id='par_1_50' title="bbox 1054 769 1465 840">
     <span class='ocr_line' id='line_1_62' title="bbox 1054 769 1465 840; baseline -0.007 -15"><span class='ocrx_word' id='word_1_342' title='bbox 1054 769 1220 826; x_wconf 83' lang='lat' dir='ltr'><em>dictionibus</em></span> <span class='ocrx_word' id='word_1_343' title='bbox 1230 772 1371 840; x_wconf 89' lang='lat' dir='ltr'><em>probatur.</em></span> <span class='ocrx_word' id='word_1_344' title='bbox 1384 789 1412 824; x_wconf 92' lang='grc' dir='ltr'><em>ιι.</em></span> <span class='ocrx_word' id='word_1_345' title='bbox 1424 781 1465 824; x_wconf 86' lang='grc' dir='ltr'><em>ιι.</em></span> 
     </span>
    </p>
   </div>
   <div class='ocr_carea' id='block_1_9' title="bbox 1044 857 1871 5750">
    <p class='ocr_par' dir='ltr' id='par_1_51' title="bbox 1052 857 1865 1023">
     <span class='ocr_line' id='line_1_63' title="bbox 1052 857 1865 939; baseline -0.009 -19"><span class='ocrx_word' id='word_1_346' title='bbox 1052 866 1123 934; x_wconf 83' lang='lat' dir='ltr'><em>Quid</em></span> <span class='ocrx_word' id='word_1_347' title='bbox 1146 866 1173 919; x_wconf 90' lang='lat' dir='ltr'><em>si</em></span> <span class='ocrx_word' id='word_1_348' title='bbox 1193 883 1265 922; x_wconf 90' lang='lat' dir='ltr'><em>sanc</em></span> <span class='ocrx_word' id='word_1_349' title='bbox 1280 884 1349 939; x_wconf 94' lang='lat' dir='ltr'><em>pars</em></span> <span class='ocrx_word' id='word_1_350' title='bbox 1365 881 1395 920; x_wconf 92' lang='lat' dir='ltr'><em>se</em></span> <span class='ocrx_word' id='word_1_351' title='bbox 1411 864 1554 920; x_wconf 86' lang='lat' dir='ltr'><em>continere</em></span> <span class='ocrx_word' id='word_1_352' title='bbox 1572 879 1629 917; x_wconf 88' lang='lat' dir='ltr'><em>uon</em></span> <span class='ocrx_word' id='word_1_353' title='bbox 1648 857 1755 932; x_wconf 81' lang='lat' dir='ltr'><em>possiti</em></span> <span class='ocrx_word' id='word_1_354' title='bbox 1772 873 1799 909; x_wconf 85' lang='lat' dir='ltr'><em>n·</em></span> <span class='ocrx_word' id='word_1_355' title='bbox 1822 864 1865 908; x_wconf 79' lang='grc' dir='ltr'><em>ιι·</em></span> 
     </span>
     <span class='ocr_line' id='line_1_64' title="bbox 1083 963 1181 1023; baseline 0.01 -19"><span class='ocrx_word' id='word_1_356' title='bbox 1083 963 1111 1004; x_wconf 89' lang='grc' dir='ltr'><em>ιι</em></span> <span class='ocrx_word' id='word_1_357' title='bbox 1126 968 1181 1023; x_wconf 91' lang='lat' dir='ltr'><em>seq.</em></span> 
     </span>
    </p>

    <p class='ocr_par' dir='ltr' id='par_1_52' title="bbox 1048 1037 1312 1092">
     <span class='ocr_line' id='line_1_65' title="bbox 1048 1037 1312 1092; baseline -0.008 0"><span class='ocrx_word' id='word_1_358' title='bbox 1048 1037 1204 1092; x_wconf 73' lang='lat' dir='ltr'><em>limitatur.</em></span> <span class='ocrx_word' id='word_1_359' title='bbox 1223 1055 1250 1090; x_wconf 90' lang='grc' dir='ltr'><em>ιι.</em></span> <span class='ocrx_word' id='word_1_360' title='bbox 1271 1049 1312 1091; x_wconf 80' lang='grc' dir='ltr'><em>ιι.</em></span> 
     </span>
    </p>

    <p class='ocr_par' dir='ltr' id='par_1_53' title="bbox 1050 1113 1864 1258">
     <span class='ocr_line' id='line_1_66' title="bbox 1050 1113 1864 1191; baseline -0.012 -17"><span class='ocrx_word' id='word_1_361' title='bbox 1050 1126 1096 1174; x_wconf 81' lang='lat' dir='ltr'><em>An</em></span> <span class='ocrx_word' id='word_1_362' title='bbox 1106 1123 1248 1191; x_wconf 83' lang='lat' dir='ltr'><em>sponsalia</em></span> <span class='ocrx_word' id='word_1_363' title='bbox 1267 1122 1295 1174; x_wconf 88' lang='lat' dir='ltr'><em>in</em></span> <span class='ocrx_word' id='word_1_364' title='bbox 1314 1129 1442 1176; x_wconf 83' lang='lat' dir='ltr'><em>eventum</em></span> <span class='ocrx_word' id='word_1_365' title='bbox 1461 1117 1559 1173; x_wconf 88' lang='lat' dir='ltr'><em>mortis</em></span> <span class='ocrx_word' id='word_1_366' title='bbox 1576 1113 1702 1187; x_wconf 70' lang='lat' dir='ltr'><em>coniugis</em></span> <span class='ocrx_word' id='word_1_367' title='bbox 1718 1121 1864 1168; x_wconf 86' lang='lat' dir='ltr'><em>contracta</em></span> 
     </span>
     <span class='ocr_line' id='line_1_67' title="bbox 1083 1205 1297 1258; baseline 0 0"><span class='ocrx_word' id='word_1_368' title='bbox 1083 1205 1201 1258; x_wconf 78' lang='lat' dir='ltr'><em>valida?</em></span> <span class='ocrx_word' id='word_1_369' title='bbox 1214 1225 1243 1258; x_wconf 90' lang='grc' dir='ltr'><em>ιι.</em></span> <span class='ocrx_word' id='word_1_370' title='bbox 1257 1217 1297 1258; x_wconf 89' lang='grc' dir='ltr'><em>ιι.</em></span> 
     </span>
    </p>

    <p class='ocr_par' dir='ltr' id='par_1_54' title="bbox 1047 1288 1540 1358">
     <span class='ocr_line' id='line_1_68' title="bbox 1047 1288 1540 1358; baseline -0.004 -17"><span class='ocrx_word' id='word_1_371' title='bbox 1047 1288 1178 1356; x_wconf 77' lang='lat' dir='ltr'><em>Negativa</em></span> <span class='ocrx_word' id='word_1_372' title='bbox 1190 1289 1334 1357; x_wconf 90' lang='lat' dir='ltr'><em>probatur.</em></span> <span class='ocrx_word' id='word_1_373' title='bbox 1347 1307 1376 1341; x_wconf 89' lang='grc' dir='ltr'><em>ιι.</em></span> <span class='ocrx_word' id='word_1_374' title='bbox 1391 1298 1434 1341; x_wconf 91' lang='grc' dir='ltr'><em>ιι.</em></span> <span class='ocrx_word' id='word_1_375' title='bbox 1446 1298 1540 1358; x_wconf 81' lang='lat' dir='ltr'><em>etseq.</em></span> 
     </span>
    </p>

    <p class='ocr_par' dir='ltr' id='par_1_55' title="bbox 1047 1369 1869 1528">
     <span class='ocr_line' id='line_1_69' title="bbox 1047 1369 1869 1441; baseline -0.006 -17"><span class='ocrx_word' id='word_1_376' title='bbox 1047 1375 1095 1426; x_wconf 88' lang='lat' dir='ltr'><em>An</em></span> <span class='ocrx_word' id='word_1_377' title='bbox 1109 1373 1216 1428; x_wconf 89' lang='lat' dir='ltr'><em>adulter</em></span> <span class='ocrx_word' id='word_1_378' title='bbox 1232 1374 1260 1426; x_wconf 92' lang='lat' dir='ltr'><em>in</em></span> <span class='ocrx_word' id='word_1_379' title='bbox 1280 1389 1394 1426; x_wconf 77' lang='lat' dir='ltr'><em>tenorem</em></span> <span class='ocrx_word' id='word_1_380' title='bbox 1413 1373 1511 1427; x_wconf 76' lang='lat' dir='ltr'><em>dissere</em></span> <span class='ocrx_word' id='word_1_381' title='bbox 1526 1369 1614 1441; x_wconf 90' lang='lat' dir='ltr'><em>possit</em></span> <span class='ocrx_word' id='word_1_382' title='bbox 1631 1386 1692 1424; x_wconf 87' lang='lat' dir='ltr'><em>eam</em></span> <span class='ocrx_word' id='word_1_383' title='bbox 1712 1385 1794 1439; x_wconf 89' lang='lat' dir='ltr'><em>quarn</em></span> <span class='ocrx_word' id='word_1_384' title='bbox 1817 1382 1869 1437; x_wconf 89' lang='lat' dir='ltr'><em>per</em></span> 
     </span>
     <span class='ocr_line' id='line_1_70' title="bbox 1081 1455 1631 1528; baseline -0.007 -18"><span class='ocrx_word' id='word_1_385' title='bbox 1081 1457 1244 1512; x_wconf 87' lang='lat' dir='ltr'><em>adulterium</em></span> <span class='ocrx_word' id='word_1_386' title='bbox 1252 1458 1362 1526; x_wconf 90' lang='lat' dir='ltr'><em>polluit,</em></span> <span class='ocrx_word' id='word_1_387' title='bbox 1376 1455 1534 1528; x_wconf 83' lang='lat' dir='ltr'><em>quaeritur?</em></span> <span class='ocrx_word' id='word_1_388' title='bbox 1546 1473 1573 1507; x_wconf 90' lang='grc' dir='ltr'><em>ιι.</em></span> <span class='ocrx_word' id='word_1_389' title='bbox 1589 1467 1631 1512; x_wconf 87' lang='grc' dir='ltr'><em>ιι.</em></span> 
     </span>
    </p>

    <p class='ocr_par' dir='ltr' id='par_1_56' title="bbox 1046 1541 1466 1596">
     <span class='ocr_line' id='line_1_71' title="bbox 1046 1541 1466 1596; baseline -0.005 0"><span class='ocrx_word' id='word_1_390' title='bbox 1046 1542 1182 1596; x_wconf 77' lang='lat' dir='ltr'><em>Lirnitant</em></span> <span class='ocrx_word' id='word_1_391' title='bbox 1194 1541 1365 1596; x_wconf 84' lang='lat' dir='ltr'><em>canonistas.</em></span> <span class='ocrx_word' id='word_1_392' title='bbox 1380 1559 1407 1593; x_wconf 91' lang='grc' dir='ltr'><em>ιι.</em></span> <span class='ocrx_word' id='word_1_393' title='bbox 1422 1553 1466 1596; x_wconf 90' lang='grc' dir='ltr'><em>ιι.</em></span> 
     </span>
    </p>

    <p class='ocr_par' dir='ltr' id='par_1_57' title="bbox 1047 1621 1859 1698">
     <span class='ocr_line' id='line_1_72' title="bbox 1047 1621 1859 1698; baseline -0.006 -19"><span class='ocrx_word' id='word_1_394' title='bbox 1047 1629 1095 1680; x_wconf 88' lang='lat' dir='ltr'><em>An</em></span> <span class='ocrx_word' id='word_1_395' title='bbox 1109 1627 1237 1681; x_wconf 84' lang='lat' dir='ltr'><em>substitui</em></span> <span class='ocrx_word' id='word_1_396' title='bbox 1248 1628 1348 1698; x_wconf 88' lang='lat' dir='ltr'><em>poterit</em></span> <span class='ocrx_word' id='word_1_397' title='bbox 1358 1626 1480 1696; x_wconf 82' lang='lat' dir='ltr'><em>percelsa</em></span> <span class='ocrx_word' id='word_1_398' title='bbox 1492 1625 1522 1680; x_wconf 93' lang='lat' dir='ltr'><em>in</em></span> <span class='ocrx_word' id='word_1_399' title='bbox 1533 1639 1627 1680; x_wconf 91' lang='lat' dir='ltr'><em>casnm</em></span> <span class='ocrx_word' id='word_1_400' title='bbox 1642 1621 1762 1678; x_wconf 81' lang='lat' dir='ltr'><em>mortis?</em></span> <span class='ocrx_word' id='word_1_401' title='bbox 1772 1641 1801 1678; x_wconf 89' lang='grc' dir='ltr'><em>ιι.</em></span> <span class='ocrx_word' id='word_1_402' title='bbox 1816 1633 1859 1676; x_wconf 90' lang='grc' dir='ltr'><em>ιι.</em></span> 
     </span>
    </p>

    <p class='ocr_par' dir='ltr' id='par_1_58' title="bbox 1046 1706 1822 1781">
     <span class='ocr_line' id='line_1_73' title="bbox 1046 1706 1822 1781; baseline -0.003 -20"><span class='ocrx_word' id='word_1_403' title='bbox 1046 1710 1228 1764; x_wconf 77' lang='lat' dir='ltr'><em>Matrimonia</em></span> <span class='ocrx_word' id='word_1_404' title='bbox 1240 1713 1331 1765; x_wconf 89' lang='lat' dir='ltr'><em>soluto</em></span> <span class='ocrx_word' id='word_1_405' title='bbox 1344 1708 1483 1781; x_wconf 91' lang='lat' dir='ltr'><em>quomodo</em></span> <span class='ocrx_word' id='word_1_406' title='bbox 1497 1710 1547 1762; x_wconf 92' lang='lat' dir='ltr'><em>dos</em></span> <span class='ocrx_word' id='word_1_407' title='bbox 1559 1706 1722 1777; x_wconf 85' lang='lat' dir='ltr'><em>repetendo?</em></span> <span class='ocrx_word' id='word_1_408' title='bbox 1735 1724 1763 1760; x_wconf 89' lang='lat' dir='ltr'><em>n.</em></span> <span class='ocrx_word' id='word_1_409' title='bbox 1778 1719 1822 1760; x_wconf 89' lang='grc' dir='ltr'><em>ιι.</em></span> 
     </span>
    </p>

    <p class='ocr_par' dir='ltr' id='par_1_59' title="bbox 1045 1791 1867 1935">
     <span class='ocr_line' id='line_1_74' title="bbox 1045 1791 1867 1860; baseline -0.007 -10"><span class='ocrx_word' id='word_1_410' title='bbox 1045 1801 1182 1850; x_wconf 71' lang='lat' dir='ltr'><em>statutum</em></span> <span class='ocrx_word' id='word_1_411' title='bbox 1192 1799 1229 1851; x_wconf 90' lang='lat' dir='ltr'><em>de</em></span> <span class='ocrx_word' id='word_1_412' title='bbox 1239 1795 1380 1851; x_wconf 90' lang='lat' dir='ltr'><em>lucranda</em></span> <span class='ocrx_word' id='word_1_413' title='bbox 1393 1797 1457 1850; x_wconf 91' lang='lat' dir='ltr'><em>dote</em></span> <span class='ocrx_word' id='word_1_414' title='bbox 1468 1813 1506 1848; x_wconf 89' lang='lat' dir='ltr'><em>an</em></span> <span class='ocrx_word' id='word_1_415' title='bbox 1519 1793 1630 1848; x_wconf 84' lang='lat' dir='ltr'><em>babebit</em></span> <span class='ocrx_word' id='word_1_416' title='bbox 1642 1793 1732 1848; x_wconf 79' lang='lat' dir='ltr'><em>lacem</em></span> <span class='ocrx_word' id='word_1_417' title='bbox 1744 1791 1773 1845; x_wconf 89' lang='lat' dir='ltr'><em>ia</em></span> <span class='ocrx_word' id='word_1_418' title='bbox 1785 1807 1867 1860; x_wconf 86' lang='lat' dir='ltr'><em>spon·</em></span> 
     </span>
     <span class='ocr_line' id='line_1_75' title="bbox 1081 1882 1236 1935; baseline 0.019 -3"><span class='ocrx_word' id='word_1_419' title='bbox 1081 1882 1138 1934; x_wconf 83' lang='lat' dir='ltr'><em>sa?</em></span> <span class='ocrx_word' id='word_1_420' title='bbox 1149 1899 1177 1934; x_wconf 93' lang='grc' dir='ltr'><em>ιι.</em></span> <span class='ocrx_word' id='word_1_421' title='bbox 1192 1891 1236 1935; x_wconf 87' lang='grc' dir='ltr'><em>ιι.</em></span> 
     </span>
    </p>

    <p class='ocr_par' dir='ltr' id='par_1_60' title="bbox 1046 1961 1545 2036">
     <span class='ocr_line' id='line_1_76' title="bbox 1046 1961 1545 2036; baseline -0.006 -19"><span class='ocrx_word' id='word_1_422' title='bbox 1046 1964 1129 2017; x_wconf 84' lang='lat' dir='ltr'><em>ilatio</em></span> <span class='ocrx_word' id='word_1_423' title='bbox 1141 1961 1288 2036; x_wconf 79' lang='lat' dir='ltr'><em>dubitandi</em></span> <span class='ocrx_word' id='word_1_424' title='bbox 1297 1962 1449 2018; x_wconf 88' lang='lat' dir='ltr'><em>adducitur.</em></span> <span class='ocrx_word' id='word_1_425' title='bbox 1462 1981 1490 2016; x_wconf 93' lang='grc' dir='ltr'><em>ιι.</em></span> <span class='ocrx_word' id='word_1_426' title='bbox 1502 1973 1545 2015; x_wconf 89' lang='grc' dir='ltr'><em>ιι.</em></span> 
     </span>
    </p>

    <p class='ocr_par' dir='ltr' id='par_1_61' title="bbox 1046 2043 1617 2117">
     <span class='ocr_line' id='line_1_77' title="bbox 1046 2043 1617 2117; baseline -0.002 -20"><span class='ocrx_word' id='word_1_427' title='bbox 1046 2043 1220 2114; x_wconf 84' lang='lat' dir='ltr'><em>Affirmotur</em></span> <span class='ocrx_word' id='word_1_428' title='bbox 1231 2048 1355 2117; x_wconf 78' lang='lat' dir='ltr'><em>quaestio</em></span> <span class='ocrx_word' id='word_1_429' title='bbox 1366 2046 1519 2113; x_wconf 89' lang='lat' dir='ltr'><em>proposita.</em></span> <span class='ocrx_word' id='word_1_430' title='bbox 1531 2062 1558 2096; x_wconf 91' lang='lat' dir='ltr'><em>n.</em></span> <span class='ocrx_word' id='word_1_431' title='bbox 1573 2055 1617 2098; x_wconf 92' lang='grc' dir='ltr'><em>ιι.</em></span> 
     </span>
    </p>

    <p class='ocr_par' dir='ltr' id='par_1_62' title="bbox 1045 2128 1709 2198">
     <span class='ocr_line' id='line_1_78' title="bbox 1045 2128 1709 2198; baseline -0.006 -16"><span class='ocrx_word' id='word_1_432' title='bbox 1045 2131 1128 2184; x_wconf 86' lang='lat' dir='ltr'><em>Ilatio</em></span> <span class='ocrx_word' id='word_1_433' title='bbox 1143 2128 1336 2198; x_wconf 81' lang='lat' dir='ltr'><em>affirmativae</em></span> <span class='ocrx_word' id='word_1_434' title='bbox 1347 2129 1502 2184; x_wconf 86' lang='lat' dir='ltr'><em>decisionis.</em></span> <span class='ocrx_word' id='word_1_435' title='bbox 1517 2147 1544 2180; x_wconf 90' lang='grc' dir='ltr'><em>ιι.</em></span> <span class='ocrx_word' id='word_1_436' title='bbox 1560 2138 1603 2180; x_wconf 90' lang='grc' dir='ltr'><em>ιι.</em></span> <span class='ocrx_word' id='word_1_437' title='bbox 1615 2138 1642 2180; x_wconf 87' lang='grc' dir='ltr'><em>ιι</em></span> <span class='ocrx_word' id='word_1_438' title='bbox 1652 2142 1709 2197; x_wconf 86' lang='grc' dir='ltr'><em>ιιι.</em></span> 
     </span>
    </p>

    <p class='ocr_par' dir='ltr' id='par_1_63' title="bbox 1044 2209 1869 2453">
     <span class='ocr_line' id='line_1_79' title="bbox 1044 2209 1867 2278; baseline -0.007 -10"><span class='ocrx_word' id='word_1_439' title='bbox 1044 2217 1093 2268; x_wconf 82' lang='lat' dir='ltr'><em>An</em></span> <span class='ocrx_word' id='word_1_440' title='bbox 1113 2215 1230 2268; x_wconf 91' lang='lat' dir='ltr'><em>maritus</em></span> <span class='ocrx_word' id='word_1_441' title='bbox 1250 2213 1340 2266; x_wconf 91' lang='lat' dir='ltr'><em>valeat</em></span> <span class='ocrx_word' id='word_1_442' title='bbox 1364 2211 1529 2266; x_wconf 86' lang='lat' dir='ltr'><em>renunciare</em></span> <span class='ocrx_word' id='word_1_443' title='bbox 1546 2213 1621 2266; x_wconf 88' lang='lat' dir='ltr'><em>luero</em></span> <span class='ocrx_word' id='word_1_444' title='bbox 1641 2211 1714 2264; x_wconf 90' lang='lat' dir='ltr'><em>dotis</em></span> <span class='ocrx_word' id='word_1_445' title='bbox 1731 2209 1759 2264; x_wconf 91' lang='lat' dir='ltr'><em>in</em></span> <span class='ocrx_word' id='word_1_446' title='bbox 1783 2225 1867 2278; x_wconf 87' lang='lat' dir='ltr'><em>prae-</em></span> 
     </span>
     <span class='ocr_line' id='line_1_80' title="bbox 1076 2294 1869 2370; baseline -0.005 -18"><span class='ocrx_word' id='word_1_447' title='bbox 1076 2299 1211 2370; x_wconf 73' lang='lat' dir='ltr'><em>judicium</em></span> <span class='ocrx_word' id='word_1_448' title='bbox 1223 2297 1387 2352; x_wconf 83' lang='lat' dir='ltr'><em>creditorum</em></span> <span class='ocrx_word' id='word_1_449' title='bbox 1401 2305 1427 2352; x_wconf 91' lang='grc' dir='ltr'><em>ιι</em></span> <span class='ocrx_word' id='word_1_450' title='bbox 1441 2295 1615 2352; x_wconf 88' lang='lat' dir='ltr'><em>commodum</em></span> <span class='ocrx_word' id='word_1_451' title='bbox 1626 2294 1774 2350; x_wconf 90' lang='lat' dir='ltr'><em>liberorum</em></span> <span class='ocrx_word' id='word_1_452' title='bbox 1785 2311 1869 2365; x_wconf 88' lang='lat' dir='ltr'><em>quae-</em></span> 
     </span>
     <span class='ocr_line' id='line_1_81' title="bbox 1081 2383 1373 2453; baseline -0.021 -15"><span class='ocrx_word' id='word_1_453' title='bbox 1081 2383 1172 2438; x_wconf 83' lang='lat' dir='ltr'><em>ritur?</em></span> <span class='ocrx_word' id='word_1_454' title='bbox 1184 2400 1212 2435; x_wconf 91' lang='lat' dir='ltr'><em>n.</em></span> <span class='ocrx_word' id='word_1_455' title='bbox 1227 2395 1268 2436; x_wconf 85' lang='grc' dir='ltr'><em>ιι.</em></span> <span class='ocrx_word' id='word_1_456' title='bbox 1281 2393 1307 2436; x_wconf 90' lang='grc' dir='ltr'><em>ιι</em></span> <span class='ocrx_word' id='word_1_457' title='bbox 1318 2399 1373 2453; x_wconf 88' lang='grc' dir='ltr'><em>ιιι.</em></span> 
     </span>
    </p>

    <p class='ocr_par' dir='ltr' id='par_1_64' title="bbox 1044 2461 1692 2538">
     <span class='ocr_line' id='line_1_82' title="bbox 1044 2461 1692 2538; baseline -0.012 -14"><span class='ocrx_word' id='word_1_458' title='bbox 1044 2466 1189 2524; x_wconf 84' lang='lat' dir='ltr'><em>Deciditur</em></span> <span class='ocrx_word' id='word_1_459' title='bbox 1200 2466 1323 2538; x_wconf 83' lang='lat' dir='ltr'><em>quaestio</em></span> <span class='ocrx_word' id='word_1_460' title='bbox 1337 2481 1398 2520; x_wconf 86' lang='lat' dir='ltr'><em>cem</em></span> <span class='ocrx_word' id='word_1_461' title='bbox 1411 2461 1594 2520; x_wconf 86' lang='lat' dir='ltr'><em>distinctione.</em></span> <span class='ocrx_word' id='word_1_462' title='bbox 1607 2481 1636 2516; x_wconf 93' lang='grc' dir='ltr'><em>ιι.</em></span> <span class='ocrx_word' id='word_1_463' title='bbox 1649 2473 1692 2516; x_wconf 87' lang='grc' dir='ltr'><em>ιι.</em></span> 
     </span>
    </p>

    <p class='ocr_par' dir='ltr' id='par_1_65' title="bbox 1046 2548 1683 2616">
     <span class='ocr_line' id='line_1_83' title="bbox 1046 2548 1683 2616; baseline -0.016 -9"><span class='ocrx_word' id='word_1_464' title='bbox 1046 2553 1193 2607; x_wconf 79' lang='lat' dir='ltr'><em>Probatur</em></span> <span class='ocrx_word' id='word_1_465' title='bbox 1203 2549 1387 2605; x_wconf 89' lang='lat' dir='ltr'><em>distinctionis</em></span> <span class='ocrx_word' id='word_1_466' title='bbox 1397 2548 1482 2602; x_wconf 90' lang='lat' dir='ltr'><em>ratio.</em></span> <span class='ocrx_word' id='word_1_467' title='bbox 1495 2566 1524 2600; x_wconf 91' lang='lat' dir='ltr'><em>n.</em></span> <span class='ocrx_word' id='word_1_468' title='bbox 1536 2557 1577 2599; x_wconf 92' lang='grc' dir='ltr'><em>ιι.</em></span> <span class='ocrx_word' id='word_1_469' title='bbox 1591 2557 1618 2600; x_wconf 90' lang='grc' dir='ltr'><em>ιι</em></span> <span class='ocrx_word' id='word_1_470' title='bbox 1628 2561 1683 2616; x_wconf 87' lang='grc' dir='ltr'><em>ιιι.</em></span> 
     </span>
    </p>

    <p class='ocr_par' dir='ltr' id='par_1_66' title="bbox 1046 2631 1868 2791">
     <span class='ocr_line' id='line_1_84' title="bbox 1046 2631 1868 2703; baseline -0.013 -9"><span class='ocrx_word' id='word_1_471' title='bbox 1046 2640 1185 2694; x_wconf 64' lang='lat' dir='ltr'><em>statutum</em></span> <span class='ocrx_word' id='word_1_472' title='bbox 1203 2635 1252 2688; x_wconf 82' lang='lat' dir='ltr'><em>uel</em></span> <span class='ocrx_word' id='word_1_473' title='bbox 1268 2632 1453 2696; x_wconf 81' lang='lat' dir='ltr'><em>consuetudo.</em></span> <span class='ocrx_word' id='word_1_474' title='bbox 1472 2649 1528 2703; x_wconf 89' lang='lat' dir='ltr'><em>qua</em></span> <span class='ocrx_word' id='word_1_475' title='bbox 1546 2646 1622 2686; x_wconf 85' lang='lat' dir='ltr'><em>ustor</em></span> <span class='ocrx_word' id='word_1_476' title='bbox 1637 2631 1726 2684; x_wconf 87' lang='lat' dir='ltr'><em>solvat</em></span> <span class='ocrx_word' id='word_1_477' title='bbox 1740 2646 1790 2700; x_wconf 90' lang='lat' dir='ltr'><em>pro</em></span> <span class='ocrx_word' id='word_1_478' title='bbox 1808 2646 1868 2683; x_wconf 88' lang='lat' dir='ltr'><em>ma·</em></span> 
     </span>
     <span class='ocr_line' id='line_1_85' title="bbox 1079 2715 1706 2791; baseline -0.014 -17"><span class='ocrx_word' id='word_1_479' title='bbox 1079 2721 1133 2773; x_wconf 90' lang='lat' dir='ltr'><em>rito</em></span> <span class='ocrx_word' id='word_1_480' title='bbox 1141 2757 1150 2786; x_wconf 89' lang='lat'><strong><em>,</em></strong></span> <span class='ocrx_word' id='word_1_481' title='bbox 1169 2739 1206 2774; x_wconf 89' lang='lat' dir='ltr'><em>an</em></span> <span class='ocrx_word' id='word_1_482' title='bbox 1221 2719 1272 2791; x_wconf 75' lang='lat' dir='ltr'><em>jur</em></span> <span class='ocrx_word' id='word_1_483' title='bbox 1284 2717 1432 2784; x_wconf 88' lang='lat' dir='ltr'><em>subsistat,</em></span> <span class='ocrx_word' id='word_1_484' title='bbox 1443 2715 1610 2786; x_wconf 81' lang='lat' dir='ltr'><em>quaeritur?</em></span> <span class='ocrx_word' id='word_1_485' title='bbox 1622 2731 1650 2766; x_wconf 91' lang='grc' dir='ltr'><em>ιι.</em></span> <span class='ocrx_word' id='word_1_486' title='bbox 1666 2723 1706 2766; x_wconf 89' lang='grc' dir='ltr'><em>ιι.</em></span> 
     </span>
    </p>

    <p class='ocr_par' dir='ltr' id='par_1_67' title="bbox 1046 2802 1503 2874">
     <span class='ocr_line' id='line_1_86' title="bbox 1046 2802 1503 2874; baseline -0.011 -19"><span class='ocrx_word' id='word_1_487' title='bbox 1046 2802 1232 2874; x_wconf 77' lang='lat' dir='ltr'><em>Affirmatipa</em></span> <span class='ocrx_word' id='word_1_488' title='bbox 1249 2802 1394 2872; x_wconf 88' lang='lat' dir='ltr'><em>probatur.</em></span> <span class='ocrx_word' id='word_1_489' title='bbox 1413 2819 1442 2854; x_wconf 91' lang='grc' dir='ltr'><em>ιι.</em></span> <span class='ocrx_word' id='word_1_490' title='bbox 1461 2810 1503 2852; x_wconf 89' lang='grc' dir='ltr'><em>ιι.</em></span> 
     </span>
    </p>

    <p class='ocr_par' dir='ltr' id='par_1_68' title="bbox 1045 2883 1624 2956">
     <span class='ocr_line' id='line_1_87' title="bbox 1045 2883 1624 2956; baseline -0.014 -12"><span class='ocrx_word' id='word_1_491' title='bbox 1045 2888 1158 2944; x_wconf 76' lang='lat' dir='ltr'><em>rtatim</em></span> <span class='ocrx_word' id='word_1_492' title='bbox 1169 2886 1315 2942; x_wconf 87' lang='lat' dir='ltr'><em>consilium</em></span> <span class='ocrx_word' id='word_1_493' title='bbox 1327 2883 1522 2956; x_wconf 86' lang='lat' dir='ltr'><em>suppeditatur.</em></span> <span class='ocrx_word' id='word_1_494' title='bbox 1536 2902 1564 2938; x_wconf 92' lang='lat' dir='ltr'><em>n.</em></span> <span class='ocrx_word' id='word_1_495' title='bbox 1579 2893 1624 2937; x_wconf 91' lang='grc' dir='ltr'><em>ιι.</em></span> 
     </span>
    </p>

    <p class='ocr_par' dir='ltr' id='par_1_69' title="bbox 1044 2969 1532 3043">
     <span class='ocr_line' id='line_1_88' title="bbox 1044 2969 1532 3043; baseline -0.012 -17"><span class='ocrx_word' id='word_1_496' title='bbox 1044 2971 1112 3026; x_wconf 82' lang='lat' dir='ltr'><em>Alio</em></span> <span class='ocrx_word' id='word_1_497' title='bbox 1124 2981 1227 3026; x_wconf 88' lang='lat' dir='ltr'><em>statuto</em></span> <span class='ocrx_word' id='word_1_498' title='bbox 1245 2969 1435 3043; x_wconf 78' lang='lat' dir='ltr'><em>confirmatur.</em></span> <span class='ocrx_word' id='word_1_499' title='bbox 1449 2987 1477 3022; x_wconf 93' lang='lat' dir='ltr'><em>n.</em></span> <span class='ocrx_word' id='word_1_500' title='bbox 1492 2977 1532 3020; x_wconf 90' lang='grc' dir='ltr'><em>ιι.</em></span> 
     </span>
    </p>

    <p class='ocr_par' dir='ltr' id='par_1_70' title="bbox 1044 3051 1807 3124">
     <span class='ocr_line' id='line_1_89' title="bbox 1044 3051 1807 3124; baseline -0.01 -14"><span class='ocrx_word' id='word_1_501' title='bbox 1044 3056 1213 3113; x_wconf 85' lang='lat' dir='ltr'><em>Dotalitium</em></span> <span class='ocrx_word' id='word_1_502' title='bbox 1226 3056 1323 3110; x_wconf 90' lang='lat' dir='ltr'><em>viduae</em></span> <span class='ocrx_word' id='word_1_503' title='bbox 1336 3051 1465 3124; x_wconf 77' lang='lat' dir='ltr'><em>eefiudo</em></span> <span class='ocrx_word' id='word_1_504' title='bbox 1477 3051 1705 3108; x_wconf 88' lang='lat' dir='ltr'><em>constituendum.</em></span> <span class='ocrx_word' id='word_1_505' title='bbox 1720 3070 1748 3105; x_wconf 92' lang='grc' dir='ltr'><em>ιι.</em></span> <span class='ocrx_word' id='word_1_506' title='bbox 1764 3062 1807 3103; x_wconf 88' lang='grc' dir='ltr'><em>ιι.</em></span> 
     </span>
    </p>

    <p class='ocr_par' dir='ltr' id='par_1_71' title="bbox 1047 3131 1863 3293">
     <span class='ocr_line' id='line_1_90' title="bbox 1047 3131 1863 3207; baseline -0.005 -15"><span class='ocrx_word' id='word_1_507' title='bbox 1047 3139 1087 3192; x_wconf 82' lang='lat' dir='ltr'><em>ot</em></span> <span class='ocrx_word' id='word_1_508' title='bbox 1106 3136 1311 3207; x_wconf 66' lang='lat' dir='ltr'><em>ambiguitatem</em></span> <span class='ocrx_word' id='word_1_509' title='bbox 1330 3145 1441 3192; x_wconf 74' lang='lat' dir='ltr'><em>eternas</em></span> <span class='ocrx_word' id='word_1_510' title='bbox 1457 3132 1578 3190; x_wconf 88' lang='lat' dir='ltr'><em>debitum</em></span> <span class='ocrx_word' id='word_1_511' title='bbox 1603 3137 1656 3190; x_wconf 86' lang='lat' dir='ltr'><em>ltoc</em></span> <span class='ocrx_word' id='word_1_512' title='bbox 1666 3131 1789 3204; x_wconf 77' lang='lat' dir='ltr'><em>fisudale</em></span> <span class='ocrx_word' id='word_1_513' title='bbox 1805 3153 1863 3190; x_wconf 89' lang='lat' dir='ltr'><em>non</em></span> 
     </span>
     <span class='ocr_line' id='line_1_91' title="bbox 1079 3225 1605 3293; baseline -0.021 -15"><span class='ocrx_word' id='word_1_514' title='bbox 1079 3225 1234 3293; x_wconf 70' lang='lat' dir='ltr'><em>degenerat.</em></span> <span class='ocrx_word' id='word_1_515' title='bbox 1253 3241 1282 3277; x_wconf 93' lang='grc' dir='ltr'><em>ιι.</em></span> <span class='ocrx_word' id='word_1_516' title='bbox 1302 3233 1344 3274; x_wconf 89' lang='grc' dir='ltr'><em>ιι.</em></span> <span class='ocrx_word' id='word_1_517' title='bbox 1604 3260 1605 3267; x_wconf 73' lang='grc'>,</span> 
     </span>
    </p>

    <p class='ocr_par' dir='ltr' id='par_1_72' title="bbox 1045 3301 1863 3446">
     <span class='ocr_line' id='line_1_92' title="bbox 1045 3301 1863 3378; baseline -0.007 -16"><span class='ocrx_word' id='word_1_518' title='bbox 1045 3307 1212 3362; x_wconf 89' lang='lat' dir='ltr'><em>llotalitinm</em></span> <span class='ocrx_word' id='word_1_519' title='bbox 1229 3324 1285 3361; x_wconf 90' lang='lat' dir='ltr'><em>non</em></span> <span class='ocrx_word' id='word_1_520' title='bbox 1302 3305 1507 3378; x_wconf 73' lang='lat' dir='ltr'><em>comprehendit</em></span> <span class='ocrx_word' id='word_1_521' title='bbox 1526 3303 1583 3360; x_wconf 89' lang='lat' dir='ltr'><em>alia</em></span> <span class='ocrx_word' id='word_1_522' title='bbox 1601 3303 1679 3360; x_wconf 88' lang='lat' dir='ltr'><em>titqu</em></span> <span class='ocrx_word' id='word_1_523' title='bbox 1689 3313 1752 3373; x_wconf 90' lang='lat' dir='ltr'><em>post</em></span> <span class='ocrx_word' id='word_1_524' title='bbox 1770 3301 1863 3374; x_wconf 87' lang='lat' dir='ltr'><em>esqui-</em></span> 
     </span>
     <span class='ocr_line' id='line_1_93' title="bbox 1082 3391 1287 3446; baseline 0.005 -1"><span class='ocrx_word' id='word_1_525' title='bbox 1082 3391 1175 3445; x_wconf 90' lang='lat' dir='ltr'><em>situm.</em></span> <span class='ocrx_word' id='word_1_526' title='bbox 1194 3411 1224 3446; x_wconf 88' lang='lat' dir='ltr'><em>re.</em></span> <span class='ocrx_word' id='word_1_527' title='bbox 1244 3403 1287 3446; x_wconf 85' lang='grc' dir='ltr'><em>ιι.</em></span> 
     </span>
    </p>

    <p class='ocr_par' dir='ltr' id='par_1_73' title="bbox 1047 3474 1519 3546">
     <span class='ocr_line' id='line_1_94' title="bbox 1047 3474 1519 3546; baseline -0.002 -17"><span class='ocrx_word' id='word_1_528' title='bbox 1047 3475 1199 3533; x_wconf 85' lang='lat' dir='ltr'><em>Deducitur</em></span> <span class='ocrx_word' id='word_1_529' title='bbox 1212 3491 1263 3546; x_wconf 91' lang='lat' dir='ltr'><em>per</em></span> <span class='ocrx_word' id='word_1_530' title='bbox 1279 3474 1409 3528; x_wconf 89' lang='lat' dir='ltr'><em>rationes.</em></span> <span class='ocrx_word' id='word_1_531' title='bbox 1427 3493 1455 3528; x_wconf 93' lang='grc' dir='ltr'><em>ιι.</em></span> <span class='ocrx_word' id='word_1_532' title='bbox 1476 3486 1519 3529; x_wconf 88' lang='grc' dir='ltr'><em>ιι.</em></span> 
     </span>
    </p>

    <p class='ocr_par' dir='ltr' id='par_1_74' title="bbox 1047 3558 1625 3626">
     <span class='ocr_line' id='line_1_95' title="bbox 1047 3558 1625 3626; baseline -0.007 -12"><span class='ocrx_word' id='word_1_533' title='bbox 1047 3563 1095 3614; x_wconf 88' lang='lat' dir='ltr'><em>An</em></span> <span class='ocrx_word' id='word_1_534' title='bbox 1113 3569 1203 3614; x_wconf 87' lang='lat' dir='ltr'><em>mater</em></span> <span class='ocrx_word' id='word_1_535' title='bbox 1218 3559 1307 3614; x_wconf 76' lang='lat' dir='ltr'><em>tutria</em></span> <span class='ocrx_word' id='word_1_536' title='bbox 1323 3575 1382 3614; x_wconf 91' lang='lat' dir='ltr'><em>esse</em></span> <span class='ocrx_word' id='word_1_537' title='bbox 1397 3558 1517 3626; x_wconf 87' lang='lat' dir='ltr'><em>poterit?</em></span> <span class='ocrx_word' id='word_1_538' title='bbox 1534 3576 1561 3611; x_wconf 86' lang='lat' dir='ltr'><em>n.</em></span> <span class='ocrx_word' id='word_1_539' title='bbox 1582 3567 1625 3611; x_wconf 91' lang='grc' dir='ltr'><em>ιι.</em></span> 
     </span>
    </p>

    <p class='ocr_par' dir='ltr' id='par_1_75' title="bbox 1047 3642 1871 3799">
     <span class='ocr_line' id='line_1_96' title="bbox 1047 3642 1871 3701; baseline -0.004 0"><span class='ocrx_word' id='word_1_540' title='bbox 1047 3650 1096 3701; x_wconf 83' lang='lat' dir='ltr'><em>An</em></span> <span class='ocrx_word' id='word_1_541' title='bbox 1114 3645 1230 3700; x_wconf 91' lang='lat' dir='ltr'><em>tutelam</em></span> <span class='ocrx_word' id='word_1_542' title='bbox 1246 3645 1333 3700; x_wconf 87' lang='lat' dir='ltr'><em>semel</em></span> <span class='ocrx_word' id='word_1_543' title='bbox 1350 3643 1481 3699; x_wconf 90' lang='lat' dir='ltr'><em>amissam</em></span> <span class='ocrx_word' id='word_1_544' title='bbox 1493 3642 1634 3698; x_wconf 85' lang='lat' dir='ltr'><em>eveniente</em></span> <span class='ocrx_word' id='word_1_545' title='bbox 1652 3651 1741 3698; x_wconf 90' lang='lat' dir='ltr'><em>morte</em></span> <span class='ocrx_word' id='word_1_546' title='bbox 1756 3643 1871 3698; x_wconf 86' lang='lat' dir='ltr'><em>secundi</em></span> 
     </span>
     <span class='ocr_line' id='line_1_97' title="bbox 1085 3730 1614 3799; baseline -0.004 -15"><span class='ocrx_word' id='word_1_547' title='bbox 1085 3730 1182 3785; x_wconf 87' lang='lat' dir='ltr'><em>mariti</em></span> <span class='ocrx_word' id='word_1_548' title='bbox 1195 3730 1296 3799; x_wconf 90' lang='lat' dir='ltr'><em>poterit</em></span> <span class='ocrx_word' id='word_1_549' title='bbox 1313 3731 1506 3784; x_wconf 86' lang='lat' dir='ltr'><em>reassumere?</em></span> <span class='ocrx_word' id='word_1_550' title='bbox 1523 3747 1549 3782; x_wconf 91' lang='lat' dir='ltr'><em>n.</em></span> <span class='ocrx_word' id='word_1_551' title='bbox 1570 3741 1614 3782; x_wconf 87' lang='grc' dir='ltr'><em>ιι.</em></span> 
     </span>
    </p>

    <p class='ocr_par' dir='ltr' id='par_1_76' title="bbox 1048 3815 1689 3889">
     <span class='ocr_line' id='line_1_98' title="bbox 1048 3815 1689 3889; baseline -0.005 -16"><span class='ocrx_word' id='word_1_552' title='bbox 1048 3817 1221 3886; x_wconf 78' lang='lat' dir='ltr'><em>Propanisus</em></span> <span class='ocrx_word' id='word_1_553' title='bbox 1232 3818 1415 3889; x_wconf 89' lang='lat' dir='ltr'><em>quorumdam</em></span> <span class='ocrx_word' id='word_1_554' title='bbox 1434 3815 1579 3871; x_wconf 90' lang='lat' dir='ltr'><em>distinctio.</em></span> <span class='ocrx_word' id='word_1_555' title='bbox 1598 3834 1627 3870; x_wconf 92' lang='grc' dir='ltr'><em>ιι.</em></span> <span class='ocrx_word' id='word_1_556' title='bbox 1647 3825 1689 3870; x_wconf 90' lang='grc' dir='ltr'><em>ιι.</em></span> 
     </span>
    </p>

    <p class='ocr_par' dir='ltr' id='par_1_77' title="bbox 1048 3901 1460 3972">
     <span class='ocr_line' id='line_1_99' title="bbox 1048 3901 1460 3972; baseline -0.002 -18"><span class='ocrx_word' id='word_1_557' title='bbox 1048 3901 1188 3972; x_wconf 80' lang='grc' dir='ltr'><em>Νιιαιίνιι</em></span> <span class='ocrx_word' id='word_1_558' title='bbox 1204 3901 1348 3970; x_wconf 88' lang='lat' dir='ltr'><em>probatur.</em></span> <span class='ocrx_word' id='word_1_559' title='bbox 1368 3917 1396 3952; x_wconf 89' lang='lat' dir='ltr'><em>u.</em></span> <span class='ocrx_word' id='word_1_560' title='bbox 1416 3913 1460 3955; x_wconf 86' lang='grc' dir='ltr'><em>ιι.</em></span> 
     </span>
    </p>

    <p class='ocr_par' dir='ltr' id='par_1_78' title="bbox 1052 3983 1869 4124">
     <span class='ocr_line' id='line_1_100' title="bbox 1052 3983 1869 4056; baseline 0 -16"><span class='ocrx_word' id='word_1_561' title='bbox 1052 3985 1124 4055; x_wconf 86' lang='lat' dir='ltr'><em>Quid</em></span> <span class='ocrx_word' id='word_1_562' title='bbox 1137 3985 1228 4056; x_wconf 75' lang='lat' dir='ltr'><em>juris,</em></span> <span class='ocrx_word' id='word_1_563' title='bbox 1245 3983 1272 4038; x_wconf 88' lang='lat' dir='ltr'><em>si</em></span> <span class='ocrx_word' id='word_1_564' title='bbox 1287 3985 1407 4052; x_wconf 85' lang='lat' dir='ltr'><em>deponat</em></span> <span class='ocrx_word' id='word_1_565' title='bbox 1425 3995 1514 4038; x_wconf 89' lang='lat' dir='ltr'><em>meter</em></span> <span class='ocrx_word' id='word_1_566' title='bbox 1529 3983 1642 4039; x_wconf 89' lang='lat' dir='ltr'><em>tutelam</em></span> <span class='ocrx_word' id='word_1_567' title='bbox 1656 3986 1738 4056; x_wconf 90' lang='lat' dir='ltr'><em>quasi</em></span> <span class='ocrx_word' id='word_1_568' title='bbox 1747 3995 1869 4054; x_wconf 88' lang='lat' dir='ltr'><em>nuptura</em></span> 
     </span>
     <span class='ocr_line' id='line_1_101' title="bbox 1088 4069 1473 4124; baseline -0.01 0"><span class='ocrx_word' id='word_1_569' title='bbox 1088 4088 1139 4124; x_wconf 89' lang='lat' dir='ltr'><em>nec</em></span> <span class='ocrx_word' id='word_1_570' title='bbox 1156 4079 1251 4124; x_wconf 85' lang='lat' dir='ltr'><em>tamen</em></span> <span class='ocrx_word' id='word_1_571' title='bbox 1268 4069 1363 4122; x_wconf 87' lang='lat' dir='ltr'><em>nubat.</em></span> <span class='ocrx_word' id='word_1_572' title='bbox 1382 4089 1409 4123; x_wconf 94' lang='grc' dir='ltr'><em>ιι.</em></span> <span class='ocrx_word' id='word_1_573' title='bbox 1430 4083 1473 4124; x_wconf 89' lang='grc' dir='ltr'><em>ιι.</em></span> 
     </span>
    </p>

    <p class='ocr_par' dir='ltr' id='par_1_79' title="bbox 1055 4151 1869 4292">
     <span class='ocr_line' id='line_1_102' title="bbox 1055 4151 1869 4226; baseline 0.004 -19"><span class='ocrx_word' id='word_1_574' title='bbox 1055 4153 1165 4208; x_wconf 80' lang='lat' dir='ltr'><em>Tutoris</em></span> <span class='ocrx_word' id='word_1_575' title='bbox 1176 4151 1318 4223; x_wconf 74' lang='lat' dir='ltr'><em>cuiusdam</em></span> <span class='ocrx_word' id='word_1_576' title='bbox 1329 4153 1519 4225; x_wconf 87' lang='lat' dir='ltr'><em>superveniens</em></span> <span class='ocrx_word' id='word_1_577' title='bbox 1531 4153 1626 4226; x_wconf 88' lang='lat' dir='ltr'><em>inopia</em></span> <span class='ocrx_word' id='word_1_578' title='bbox 1637 4163 1811 4212; x_wconf 79' lang='lat' dir='ltr'><em>consutorum</em></span> <span class='ocrx_word' id='word_1_579' title='bbox 1818 4175 1869 4224; x_wconf 88' lang='lat' dir='ltr'><em>pe·</em></span> 
     </span>
     <span class='ocr_line' id='line_1_103' title="bbox 1085 4236 1351 4292; baseline -0.011 -1"><span class='ocrx_word' id='word_1_580' title='bbox 1085 4236 1172 4292; x_wconf 87' lang='lat' dir='ltr'><em>riculo</em></span> <span class='ocrx_word' id='word_1_581' title='bbox 1190 4247 1239 4290; x_wconf 93' lang='lat' dir='ltr'><em>est.</em></span> <span class='ocrx_word' id='word_1_582' title='bbox 1260 4253 1288 4290; x_wconf 93' lang='grc' dir='ltr'><em>ιι.</em></span> <span class='ocrx_word' id='word_1_583' title='bbox 1307 4247 1351 4288; x_wconf 88' lang='grc' dir='ltr'><em>ιι.</em></span> 
     </span>
    </p>

    <p class='ocr_par' dir='ltr' id='par_1_80' title="bbox 1055 4321 1867 4462">
     <span class='ocr_line' id='line_1_104' title="bbox 1055 4321 1867 4396; baseline 0.007 -20"><span class='ocrx_word' id='word_1_584' title='bbox 1055 4323 1154 4377; x_wconf 78' lang='lat' dir='ltr'><em>Talori</em></span> <span class='ocrx_word' id='word_1_585' title='bbox 1168 4321 1217 4392; x_wconf 90' lang='lat' dir='ltr'><em>qui</em></span> <span class='ocrx_word' id='word_1_586' title='bbox 1231 4321 1350 4376; x_wconf 88' lang='lat' dir='ltr'><em>solidum</em></span> <span class='ocrx_word' id='word_1_587' title='bbox 1361 4323 1447 4379; x_wconf 85' lang='lat' dir='ltr'><em>solvit</em></span> <span class='ocrx_word' id='word_1_588' title='bbox 1457 4325 1585 4396; x_wconf 90' lang='lat' dir='ltr'><em>competit</em></span> <span class='ocrx_word' id='word_1_589' title='bbox 1596 4323 1759 4396; x_wconf 64' lang='lat' dir='ltr'><em>beneficium</em></span> <span class='ocrx_word' id='word_1_590' title='bbox 1769 4329 1867 4384; x_wconf 89' lang='lat' dir='ltr'><em>ceden-</em></span> 
     </span>
     <span class='ocr_line' id='line_1_105' title="bbox 1083 4404 1458 4462; baseline -0.008 -1"><span class='ocrx_word' id='word_1_591' title='bbox 1083 4407 1183 4461; x_wconf 89' lang='lat' dir='ltr'><em>darum</em></span> <span class='ocrx_word' id='word_1_592' title='bbox 1200 4404 1350 4460; x_wconf 87' lang='lat' dir='ltr'><em>actionum.</em></span> <span class='ocrx_word' id='word_1_593' title='bbox 1368 4425 1395 4460; x_wconf 94' lang='lat' dir='ltr'><em>n.</em></span> <span class='ocrx_word' id='word_1_594' title='bbox 1415 4421 1458 4462; x_wconf 93' lang='grc' dir='ltr'><em>ιι.</em></span> 
     </span>
    </p>

    <p class='ocr_par' dir='ltr' id='par_1_81' title="bbox 1048 4491 1871 4733">
     <span class='ocr_line' id='line_1_106' title="bbox 1048 4491 1871 4564; baseline 0.001 -17"><span class='ocrx_word' id='word_1_595' title='bbox 1048 4494 1098 4547; x_wconf 84' lang='lat' dir='ltr'><em>An</em></span> <span class='ocrx_word' id='word_1_596' title='bbox 1123 4501 1199 4546; x_wconf 91' lang='lat' dir='ltr'><em>tutor</em></span> <span class='ocrx_word' id='word_1_597' title='bbox 1211 4491 1312 4564; x_wconf 86' lang='lat' dir='ltr'><em>pupilli</em></span> <span class='ocrx_word' id='word_1_598' title='bbox 1324 4495 1470 4564; x_wconf 87' lang='lat' dir='ltr'><em>pecaniam</em></span> <span class='ocrx_word' id='word_1_599' title='bbox 1492 4493 1566 4548; x_wconf 86' lang='lat' dir='ltr'><em>licito</em></span> <span class='ocrx_word' id='word_1_600' title='bbox 1584 4493 1660 4546; x_wconf 85' lang='lat' dir='ltr'><em>luero</em></span> <span class='ocrx_word' id='word_1_601' title='bbox 1679 4509 1820 4562; x_wconf 67' lang='lat' dir='ltr'><em>exponens</em></span> <span class='ocrx_word' id='word_1_602' title='bbox 1836 4498 1871 4550; x_wconf 91' lang='lat' dir='ltr'><em>de</em></span> 
     </span>
     <span class='ocr_line' id='line_1_107' title="bbox 1083 4577 1867 4650; baseline -0.001 -17"><span class='ocrx_word' id='word_1_603' title='bbox 1083 4588 1180 4633; x_wconf 87' lang='lat' dir='ltr'><em>eventu</em></span> <span class='ocrx_word' id='word_1_604' title='bbox 1197 4587 1337 4644; x_wconf 80' lang='lat' dir='ltr'><em>teneatur,</em></span> <span class='ocrx_word' id='word_1_605' title='bbox 1353 4579 1381 4634; x_wconf 88' lang='lat' dir='ltr'><em>si</em></span> <span class='ocrx_word' id='word_1_606' title='bbox 1396 4577 1505 4634; x_wconf 86' lang='lat' dir='ltr'><em>debitor</em></span> <span class='ocrx_word' id='word_1_607' title='bbox 1510 4577 1701 4648; x_wconf 66' lang='lat' dir='ltr'><em>ficubatibut</em></span> <span class='ocrx_word' id='word_1_608' title='bbox 1717 4579 1810 4649; x_wconf 86' lang='lat' dir='ltr'><em>lapsus</em></span> <span class='ocrx_word' id='word_1_609' title='bbox 1821 4581 1867 4650; x_wconf 79' lang='lat' dir='ltr'><em>sit,</em></span> 
     </span>
     <span class='ocr_line' id='line_1_108' title="bbox 1082 4661 1355 4733; baseline -0.011 -15"><span class='ocrx_word' id='word_1_610' title='bbox 1082 4661 1245 4733; x_wconf 83' lang='lat' dir='ltr'><em>quaeritur?</em></span> <span class='ocrx_word' id='word_1_611' title='bbox 1263 4680 1291 4716; x_wconf 91' lang='grc' dir='ltr'><em>ιι.</em></span> <span class='ocrx_word' id='word_1_612' title='bbox 1312 4674 1355 4716; x_wconf 88' lang='grc' dir='ltr'><em>ιι.</em></span> 
     </span>
    </p>

    <p class='ocr_par' dir='ltr' id='par_1_82' title="bbox 1047 4746 1651 4818">
     <span class='ocr_line' id='line_1_109' title="bbox 1047 4746 1651 4818; baseline -0.002 -17"><span class='ocrx_word' id='word_1_613' title='bbox 1047 4749 1150 4816; x_wconf 67' lang='lat' dir='ltr'><em>legum</em></span> <span class='ocrx_word' id='word_1_614' title='bbox 1167 4746 1287 4802; x_wconf 89' lang='lat' dir='ltr'><em>varietas</em></span> <span class='ocrx_word' id='word_1_615' title='bbox 1305 4747 1448 4818; x_wconf 71' lang='lat' dir='ltr'><em>allegatur.</em></span> <span class='ocrx_word' id='word_1_616' title='bbox 1459 4766 1488 4801; x_wconf 92' lang='lat' dir='ltr'><em>n.</em></span> <span class='ocrx_word' id='word_1_617' title='bbox 1500 4758 1543 4802; x_wconf 92' lang='grc' dir='ltr'><em>ιι.</em></span> <span class='ocrx_word' id='word_1_618' title='bbox 1558 4756 1585 4801; x_wconf 88' lang='lat' dir='ltr'><em>ct</em></span> <span class='ocrx_word' id='word_1_619' title='bbox 1595 4763 1651 4816; x_wconf 91' lang='lat' dir='ltr'><em>seq.</em></span> 
     </span>
    </p>

    <p class='ocr_par' dir='ltr' id='par_1_83' title="bbox 1052 4830 1869 4986">
     <span class='ocr_line' id='line_1_110' title="bbox 1052 4830 1869 4900; baseline 0.002 -16"><span class='ocrx_word' id='word_1_620' title='bbox 1052 4833 1193 4900; x_wconf 89' lang='lat' dir='ltr'><em>Quatenus</em></span> <span class='ocrx_word' id='word_1_621' title='bbox 1211 4846 1301 4884; x_wconf 91' lang='lat' dir='ltr'><em>mores</em></span> <span class='ocrx_word' id='word_1_622' title='bbox 1314 4830 1349 4884; x_wconf 85' lang='lat' dir='ltr'><em>ab</em></span> <span class='ocrx_word' id='word_1_623' title='bbox 1362 4830 1433 4886; x_wconf 79' lang='lat' dir='ltr'><em>lsisce</em></span> <span class='ocrx_word' id='word_1_624' title='bbox 1449 4831 1553 4900; x_wconf 66' lang='lat' dir='ltr'><em>legibus</em></span> <span class='ocrx_word' id='word_1_625' title='bbox 1565 4832 1739 4897; x_wconf 82' lang='lat' dir='ltr'><em>recesserint,</em></span> <span class='ocrx_word' id='word_1_626' title='bbox 1757 4831 1869 4890; x_wconf 89' lang='lat' dir='ltr'><em>adduci·</em></span> 
     </span>
     <span class='ocr_line' id='line_1_111' title="bbox 1082 4925 1338 4986; baseline 0.004 -19"><span class='ocrx_word' id='word_1_627' title='bbox 1082 4925 1136 4970; x_wconf 89' lang='lat' dir='ltr'><em>tur.</em></span> <span class='ocrx_word' id='word_1_628' title='bbox 1149 4933 1177 4968; x_wconf 92' lang='grc' dir='ltr'><em>ιι.</em></span> <span class='ocrx_word' id='word_1_629' title='bbox 1191 4925 1235 4967; x_wconf 88' lang='grc' dir='ltr'><em>ιι.</em></span> <span class='ocrx_word' id='word_1_630' title='bbox 1245 4925 1272 4969; x_wconf 88' lang='grc' dir='ltr'><em>ιι</em></span> <span class='ocrx_word' id='word_1_631' title='bbox 1282 4932 1338 4986; x_wconf 85' lang='grc' dir='ltr'><em>ιιι.</em></span> 
     </span>
    </p>

    <p class='ocr_par' dir='ltr' id='par_1_84' title="bbox 1048 4996 1592 5073">
     <span class='ocr_line' id='line_1_112' title="bbox 1048 4996 1592 5073; baseline -0.007 -18"><span class='ocrx_word' id='word_1_632' title='bbox 1048 4998 1193 5055; x_wconf 77' lang='lat' dir='ltr'><em>disciditur</em></span> <span class='ocrx_word' id='word_1_633' title='bbox 1208 4999 1332 5071; x_wconf 89' lang='lat' dir='ltr'><em>quaestio</em></span> <span class='ocrx_word' id='word_1_634' title='bbox 1350 4996 1482 5073; x_wconf 68' lang='lat' dir='ltr'><em>negative.</em></span> <span class='ocrx_word' id='word_1_635' title='bbox 1501 5017 1528 5053; x_wconf 90' lang='lat' dir='ltr'><em>n.</em></span> <span class='ocrx_word' id='word_1_636' title='bbox 1549 5009 1592 5057; x_wconf 90' lang='grc' dir='ltr'><em>ιι.</em></span> 
     </span>
    </p>

    <p class='ocr_par' dir='ltr' id='par_1_85' title="bbox 1048 5083 1315 5140">
     <span class='ocr_line' id='line_1_113' title="bbox 1048 5083 1315 5140; baseline -0.007 -2"><span class='ocrx_word' id='word_1_637' title='bbox 1048 5083 1203 5139; x_wconf 60' lang='lat' dir='ltr'><em>muctar.</em></span> <span class='ocrx_word' id='word_1_638' title='bbox 1222 5101 1251 5139; x_wconf 89' lang='grc' dir='ltr'><em>ιι.</em></span> <span class='ocrx_word' id='word_1_639' title='bbox 1272 5096 1315 5140; x_wconf 88' lang='grc' dir='ltr'><em>ιι.</em></span> 
     </span>
    </p>

    <p class='ocr_par' dir='ltr' id='par_1_86' title="bbox 1050 5165 1866 5406">
     <span class='ocr_line' id='line_1_114' title="bbox 1050 5165 1866 5238; baseline 0 -16"><span class='ocrx_word' id='word_1_640' title='bbox 1050 5167 1124 5237; x_wconf 87' lang='lat' dir='ltr'><em>Quid</em></span> <span class='ocrx_word' id='word_1_641' title='bbox 1134 5166 1216 5236; x_wconf 77' lang='lat' dir='ltr'><em>juris,</em></span> <span class='ocrx_word' id='word_1_642' title='bbox 1232 5167 1259 5221; x_wconf 87' lang='lat' dir='ltr'><em>si</em></span> <span class='ocrx_word' id='word_1_643' title='bbox 1274 5177 1350 5222; x_wconf 86' lang='lat' dir='ltr'><em>tutor</em></span> <span class='ocrx_word' id='word_1_644' title='bbox 1365 5165 1501 5222; x_wconf 87' lang='lat' dir='ltr'><em>debitores</em></span> <span class='ocrx_word' id='word_1_645' title='bbox 1510 5175 1641 5236; x_wconf 84' lang='lat' dir='ltr'><em>paternos</em></span> <span class='ocrx_word' id='word_1_646' title='bbox 1658 5185 1717 5222; x_wconf 93' lang='lat' dir='ltr'><em>non</em></span> <span class='ocrx_word' id='word_1_647' title='bbox 1736 5167 1866 5238; x_wconf 67' lang='lat' dir='ltr'><em>empne,</em></span> 
     </span>
     <span class='ocr_line' id='line_1_115' title="bbox 1082 5250 1865 5321; baseline 0 -15"><span class='ocrx_word' id='word_1_648' title='bbox 1082 5261 1113 5306; x_wconf 88' lang='lat' dir='ltr'><em>ut</em></span> <span class='ocrx_word' id='word_1_649' title='bbox 1129 5251 1309 5308; x_wconf 86' lang='lat' dir='ltr'><em>eoemuoliter</em></span> <span class='ocrx_word' id='word_1_650' title='bbox 1324 5267 1382 5308; x_wconf 83' lang='lat' dir='ltr'><em>uon</em></span> <span class='ocrx_word' id='word_1_651' title='bbox 1399 5253 1530 5309; x_wconf 88' lang='lat' dir='ltr'><em>solvendo</em></span> <span class='ocrx_word' id='word_1_652' title='bbox 1538 5250 1618 5321; x_wconf 86' lang='lat' dir='ltr'><em>sacti</em></span> <span class='ocrx_word' id='word_1_653' title='bbox 1633 5252 1712 5307; x_wconf 78' lang='lat' dir='ltr'><em>sint?</em></span> <span class='ocrx_word' id='word_1_654' title='bbox 1729 5271 1757 5306; x_wconf 88' lang='lat' dir='ltr'><em>n.</em></span> <span class='ocrx_word' id='word_1_655' title='bbox 1777 5265 1820 5307; x_wconf 88' lang='grc' dir='ltr'><em>ιι.</em></span> <span class='ocrx_word' id='word_1_656' title='bbox 1838 5265 1865 5306; x_wconf 88' lang='grc' dir='ltr'><em>ιι</em></span> 
     </span>
     <span class='ocr_line' id='line_1_116' title="bbox 1081 5351 1154 5406; baseline -0.027 -16"><span class='ocrx_word' id='word_1_657' title='bbox 1081 5351 1154 5406; x_wconf 90' lang='lat' dir='ltr'><em>seqq.</em></span> 
     </span>
    </p>

    <p class='ocr_par' dir='ltr' id='par_1_87' title="bbox 1050 5419 1682 5491">
     <span class='ocr_line' id='line_1_117' title="bbox 1050 5419 1682 5491; baseline -0.009 -15"><span class='ocrx_word' id='word_1_658' title='bbox 1050 5419 1118 5491; x_wconf 86' lang='lat' dir='ltr'><em>Quis</em></span> <span class='ocrx_word' id='word_1_659' title='bbox 1133 5421 1300 5491; x_wconf 68' lang='lat' dir='ltr'><em>diligentiam</em></span> <span class='ocrx_word' id='word_1_660' title='bbox 1316 5430 1424 5478; x_wconf 84' lang='grc' dir='ltr'><em>ιιιιιιιιι</em></span> <span class='ocrx_word' id='word_1_661' title='bbox 1436 5419 1574 5490; x_wconf 82' lang='lat' dir='ltr'><em>probare?</em></span> <span class='ocrx_word' id='word_1_662' title='bbox 1591 5437 1625 5474; x_wconf 93' lang='lat' dir='ltr'><em>n.</em></span> <span class='ocrx_word' id='word_1_663' title='bbox 1639 5429 1682 5472; x_wconf 88' lang='grc' dir='ltr'><em>ιι.</em></span> 
     </span>
    </p>

    <p class='ocr_par' dir='ltr' id='par_1_88' title="bbox 1048 5501 1863 5660">
     <span class='ocr_line' id='line_1_118' title="bbox 1048 5501 1863 5563; baseline -0.007 -1"><span class='ocrx_word' id='word_1_664' title='bbox 1048 5505 1219 5562; x_wconf 74' lang='lat' dir='ltr'><em>Batenditur</em></span> <span class='ocrx_word' id='word_1_665' title='bbox 1235 5508 1274 5563; x_wconf 87' lang='lat' dir='ltr'><em>od</em></span> <span class='ocrx_word' id='word_1_666' title='bbox 1289 5517 1431 5563; x_wconf 87' lang='lat' dir='ltr'><em>curatores</em></span> <span class='ocrx_word' id='word_1_667' title='bbox 1448 5504 1552 5560; x_wconf 89' lang='lat' dir='ltr'><em>aerarii</em></span> <span class='ocrx_word' id='word_1_668' title='bbox 1567 5501 1751 5560; x_wconf 78' lang='grc' dir='ltr'><em>ιιιιιιὶιιιίιί.</em></span> <span class='ocrx_word' id='word_1_669' title='bbox 1770 5521 1799 5558; x_wconf 92' lang='grc' dir='ltr'><em>ιι.</em></span> <span class='ocrx_word' id='word_1_670' title='bbox 1820 5515 1863 5556; x_wconf 89' lang='grc' dir='ltr'><em>ιι.</em></span> 
     </span>
     <span class='ocr_line' id='line_1_119' title="bbox 1084 5601 1176 5660; baseline -0.022 -15"><span class='ocrx_word' id='word_1_671' title='bbox 1084 5601 1176 5660; x_wconf 90' lang='lat' dir='ltr'><em>etseq.</em></span> 
     </span>
    </p>

    <p class='ocr_par' dir='ltr' id='par_1_89' title="bbox 1050 5673 1866 5750">
     <span class='ocr_line' id='line_1_120' title="bbox 1050 5673 1866 5750; baseline 0 -18"><span class='ocrx_word' id='word_1_672' title='bbox 1050 5675 1124 5748; x_wconf 87' lang='lat' dir='ltr'><em>Quid</em></span> <span class='ocrx_word' id='word_1_673' title='bbox 1138 5675 1166 5732; x_wconf 90' lang='lat' dir='ltr'><em>si</em></span> <span class='ocrx_word' id='word_1_674' title='bbox 1180 5685 1255 5734; x_wconf 90' lang='lat' dir='ltr'><em>tutor</em></span> <span class='ocrx_word' id='word_1_675' title='bbox 1267 5675 1390 5732; x_wconf 83' lang='grc' dir='ltr'><em>ιιιιιιιιιι</em></span> <span class='ocrx_word' id='word_1_676' title='bbox 1405 5673 1502 5748; x_wconf 87' lang='lat' dir='ltr'><em>pupilli</em></span> <span class='ocrx_word' id='word_1_677' title='bbox 1517 5691 1600 5748; x_wconf 86' lang='lat' dir='ltr'><em>quant</em></span> <span class='ocrx_word' id='word_1_678' title='bbox 1619 5673 1677 5732; x_wconf 87' lang='lat' dir='ltr'><em>suis</em></span> <span class='ocrx_word' id='word_1_679' title='bbox 1693 5674 1774 5730; x_wconf 83' lang='lat' dir='ltr'><em>rebus</em></span> <span class='ocrx_word' id='word_1_680' title='bbox 1787 5673 1866 5750; x_wconf 75' lang='lat' dir='ltr'><em>adti-</em></span> 
     </span>
    </p>
   </div>
   <div class='ocr_carea' id='block_1_10' title="bbox 0 0 2206 6276">
    <p class='ocr_par' dir='ltr' id='par_1_90' title="bbox 0 0 2206 6276">
     <span class='ocr_line' id='line_1_121' title="bbox 0 0 2206 6276; baseline 0 0"><span class='ocrx_word' id='word_1_681' title='bbox 0 0 2206 6276; x_wconf 95' lang='lat' dir='ltr'><em> </em></span> 
     </span>
    </p>
   </div>
  </div>
 </body>
</html>
