4442 6308
269 289 323 353 ns
712 288 761 344 ne
780 287 898 342 seusu
917 249 1019 338 uinis
1038 277 1083 330 ex
1104 278 1327 348 rnrvuenro,
1346 299 1408 342 erc.
1797 302 1847 366 4„

216 389 347 443 uitionem
366 389 543 444 recesserium
562 399 644 460 puto,
662 407 743 461 quem
761 386 785 440 si
804 382 892 440 studio
916 379 1037 448 neglexe-
1075 375 1238 435 hebuderr.
1249 378 1309 431 adt.
1327 380 1421 454 Carpe.
1430 385 1544 458 jurispr.
1557 397 1670 450 conciet.
1681 397 1698 447 1.
1716 407 1738 448 t.
1751 398 1792 450 tit.
1809 407 1832 450 2.
1850 396 1906 467 defi

215 476 265 535 rit,
286 474 448 544 privationis
468 493 550 544 poeua
568 475 653 528 locum
673 473 797 534 habebit,
818 487 871 522 non
891 477 979 520 temen
1000 474 1038 518 to·
1093 478 1133 519 tt.
1152 471 1223 522 Haec
1242 469 1300 538 ipsu
1320 477 1408 523 temen
1429 473 1541 542 privetio
1560 495 1612 531 non
1633 483 1720 535 totalis
1738 492 1791 550 est,
1812 483 1905 536 seded

215 558 269 608 tius
289 559 378 623 t'eudi,
397 561 468 626 quod
490 559 678 614 retieridetur
696 561 863 614 Zoonettusr
883 549 928 604 sed
956 547 1039 600 totius
1088 551 1165 604 iilum
1185 563 1285 605 tuntum
1316 555 1556 626 pertinetnctum,
1578 567 1802 630 senescentium,
1833 571 1904 623 salvo

212 641 280 707 iuris
299 645 428 706 renaudi,
447 647 546 714 quippe
565 644 593 695 in
612 647 685 711 cujus
702 639 832 694 exercitio
851 643 953 686 tentum
978 643 1038 701 pec·
1087 634 1173 702 quood
1194 634 1296 692 futuros
1315 651 1389 693 ectus
1408 644 1467 710 jare
1485 657 1638 715 patronatus
1655 669 1676 704 c.
1689 652 1761 705 secut
1773 652 1860 705 uobis.
1880 665 1904 706 2.

212 723 294 786 nteit,
313 725 377 780 licet
394 725 423 778 in
442 725 511 782 secto
530 727 658 780 rariorem
686 725 757 776 hunc
774 735 862 776 casum
892 717 1039 768 aestimem.
1090 718 1117 770 in
1128 715 1185 788 fin.
1205 719 1257 772 ibi:
1278 724 1352 790 quod
1368 742 1405 776 ee
1423 728 1478 780 boc
1497 731 1905 807 nu11.patr.proejud.impost.

145 821 175 864 st
214 807 359 860 Posteriori
380 825 455 874 casa,
474 809 578 880 quondo
595 809 677 861 etiem
699 805 845 878 prohibitis
863 795 1039 870 temporibus,
1086 815 1202 871 generet.
1215 805 1250 855 Χ.
1261 807 1295 859 de
1307 810 1567 882 suppleamnegttg.
1592 817 1681 882 praet.
1701 815 1853 870 Fincirelth.
1871 821 1904 874 de

210 890 288 958 qunle
317 892 348 944 in
379 894 511 964 Hispanis
535 894 620 965 qnoed
643 894 761 972 leporum
779 885 948 944 venetiouem
968 882 1038 934 uiris
1082 887 1138 960 jur.
1149 897 1219 958 potr.
1232 905 1255 941 c.
1273 901 1297 940 t.
1312 893 1434 964 ΜΛ.)
1453 895 1564 962 Qrtendo
1583 897 1694 966 dignum
1713 901 1838 970 quidem,
1858 905 1904 956 sed
1942 914 1971 953 ns

214 985 319 1046 tempus
338 995 395 1031 esse
415 978 497 1034 refert
516 981 577 1034 Seb.
597 979 716 1032 Medicus
729 977 757 1030 ιἰι
771 987 807 1028 tr.
819 975 852 1027 de
870 989 929 1025 ren.
942 986 1038 1040 oucup·
1089 972 1201 1041 indigne
1219 984 1399 1042 praesentent.
1429 977 1549 1033 Pertinet
1573 979 1623 1032 huc
1641 981 1736 1036 obnisus
1756 984 1835 1038 hodie
1852 985 1907 1040 ire—

210 1073 236 1112 et
247 1065 347 1128 pricos.
365 1084 393 1132 p.
409 1079 432 1118 t.
451 1087 477 1136 ᾳ.
502 1077 542 1119 tt.
562 1067 721 1120 venationes
738 1071 855 1122 exercet,
874 1058 915 1110 rel
933 1054 1038 1126 quamdo
1087 1076 1186 1127 quens,
1201 1059 1247 1112 nbi
1266 1073 1392 1130 patronus
1410 1081 1440 1116 en
1458 1064 1506 1118 sub
1520 1066 1671 1120 conditione
1684 1077 1816 1140 pretorem
1829 1091 1906 1143 prse-

210 1149 279 1200 nltre
299 1147 368 1203 fines
389 1152 518 1206 territorii
538 1153 578 1204 sni
600 1152 627 1204 in
647 1151 734 1221 ipsius
754 1145 858 1200 domini
878 1143 953 1197 feudi
978 1161 1037 1196 ere·
1087 1153 1189 1204 tentat,
1212 1155 1241 1196 nt
1259 1145 1306 1197 ilie
1325 1146 1353 1198 in
1374 1148 1571 1201 matrimonium
1586 1149 1661 1205 ducat
1674 1170 1747 1220 enm,
1766 1157 1840 1222 cnjus
1853 1173 1907 1210 ser·

209 1242 302 1298 gutur,
320 1236 385 1305 quin
405 1237 464 1304 jure
489 1235 618 1301 renaudi,
644 1239 696 1288 nou
726 1243 780 1288 toto
803 1228 907 1296 Fectio,
935 1227 1037 1298 prireri
1089 1226 1151 1279 vitia
1171 1217 1289 1301 fidelitpr
1309 1231 1437 1302 praestito
1456 1231 1493 1284 itu
1518 1210 1696 1304 compensare
1715 1239 1778 1292 rult.
1804 1241 1908 1311 Pugnet

209 1317 313 1383 possit,
332 1320 423 1372 nulius
441 1317 544 1374 dubito.
1090 1311 1115 1361 id
1135 1330 1194 1366 cum
1216 1313 1326 1367 manere
1345 1316 1441 1382 arduo,
1460 1317 1530 1387 quod
1551 1322 1717 1388 petronutio
1732 1323 1850 1378 renrduu
1865 1345 1908 1380 su-

144 1395 173 1434 ⁶⁵
248 1401 371 1454 Tertium
390 1403 522 1474 denique,
540 1403 611 1474 quod
630 1419 691 1458 curn
710 1401 788 1456 feudo
807 1401 917 1454 vassalio
935 1397 1037 1453 conier-

209 1482 234 1536 ri
253 1489 409 1551 consuerit,
428 1499 468 1542 est
484 1492 526 1558 jus
544 1500 713 1560 potronatusr
737 1486 858 1558 quamvis
886 1485 1036 1556 primaevus

206 1570 265 1633 ejus
283 1571 440 1642 acquirendi
457 1573 550 1626 modus
563 1590 596 1626 ex
618 1573 757 1628 dotatione
775 1574 814 1624 rei
828 1570 983 1624 fundatione
995 1589 1039 1622 oc-

209 1653 317 1708 ciesire'
327 1657 485 1726 profluxerit
498 1675 549 1726 per
568 1675 631 1710 nov.
650 1666 709 1712 stt·
725 1675 748 1709 c.
762 1667 802 1708 ts.
816 1655 894 1707 Unde
906 1666 954 1716 est,
968 1653 1037 1724 qnod

209 1743 432 1814 praesumptivum
443 1742 679 1814 jurispatronatus
694 1741 881 1813 probationem
895 1739 993 1791 fuciunt
1007 1739 1038 1791 li-

214 1835 286 1878 terae
305 1827 431 1898 autiquae
449 1828 477 1880 in
498 1827 586 1898 lepide
606 1829 647 1882 rel
665 1845 799 1882 marmore
818 1826 934 1888 incisae,
954 1827 1035 1876 tttue.

211 1910 244 1962 de
261 1911 344 1978 prob.
367 1913 421 1964 voi.
441 1923 464 1964 t.
483 1912 570 1966 couci.
591 1924 653 1966 sto.
667 1932 695 1966 ιι.
712 1923 754 1964 tt.
766 1911 922 1964 Fineltelth.
940 1910 972 1963 de
976 1911 1036 1982 jur.

208 2005 284 2061 potr.
308 2014 331 2048 c.
359 2009 386 2050 s·
414 2016 443 2050 ιι.
467 2009 509 2050 st.
534 2014 607 2068 seqq.
632 1999 708 2051 Men.
734 1997 767 2050 de
789 2005 955 2063 praesumpt.
973 1995 990 2046 b.
1012 2009 1035 2046 s.

209 2083 314 2134 Praes.
335 2096 377 2139 stt.
402 2101 429 2136 ιι.
451 2090 493 2134 st.
518 2082 619 2136 Theod.
646 2085 736 2153 flbpp.
762 2081 797 2134 de
820 2079 923 2151 insign.
947 2095 969 2132 ε.
989 2094 1034 2133 or·

135 2184 165 2223 ts
204 2182 274 2217 mor.
291 2167 384 2234 prisco
398 2179 425 2220 et
438 2185 513 2220 rtovo
526 2167 593 2240 jure
607 2186 630 2220 c.
646 2178 685 2219 tt.
698 2185 726 2216 n.
741 2177 783 2220 st.
797 2165 864 2218 Cum
883 2173 973 2216 autem
988 2182 1034 2234 po-

1089 1399 1191 1464 stinet,
1211 1399 1257 1450 ubi
1276 1401 1331 1452 sola
1351 1400 1438 1454 dit-ini
1458 1402 1578 1456 nominis
1596 1405 1697 1472 glorie,
1723 1409 1778 1461 sola
1806 1411 1907 1464 suime-

1090 1499 1252 1547 cumcurn,
1271 1485 1344 1536 nulla
1362 1485 1462 1556 private
1484 1487 1582 1540 utilitns
1601 1489 1787 1558 respicietrde3
1812 1509 1907 1564 pugnat

1090 1565 1119 1616 id
1138 1585 1197 1619 cnm
1216 1567 1352 1622 honestate
1370 1570 1654 1642 inatrimoniornmque
1671 1571 1808 1639 libertate3
1828 1579 1906 1630 rneri-

1090 1659 1114 1701 to
1133 1648 1216 1716 igitur
1235 1651 1258 1702 si
1278 1653 1402 1721 episcopo
1422 1653 1460 1705 rei
1479 1655 1649 1710 consistoriis
1663 1659 1765 1711 nostris
1786 1660 1847 1714 talin
1866 1662 1908 1714 in·

1088 1733 1237 1798 notuerint,
1255 1745 1440 1804 praesentatus
1464 1737 1643 1806 rejiciendus,
1669 1753 1695 1795 et
1718 1742 1752 1795 nb
1778 1743 1813 1798 iis
1837 1745 1906 1800 nlius

1087 1819 1207 1887 neglecto
1224 1819 1331 1890 petroni
1351 1837 1479 1874 consensu
1499 1827 1712 1894 praesentandus.
1731 1827 1806 1882 Circe
1832 1847 1907 1900 prae·
1945 1826 1976 1865 ⁸⁹

1090 1901 1215 1955 sectandi
1236 1921 1375 1974 personum
1396 1904 1512 1961 abutitur
1532 1917 1659 1980 petronus
1678 1913 1736 1978 jure
1755 1927 1803 1964 suo
1824 1915 1908 1976 t.)in·

1086 1984 1198 2054 dignum
1218 1987 1427 2056 praesentando,
1447 2009 1525 2060 quem
1545 1993 1689 2061 rejiciendi
1709 1995 1907 2052 substituendi-

1086 2087 1137 2138 que
1154 2071 1279 2124 idoneum
1300 2071 1448 2128 fucultatem
1468 2087 1619 2146 competere
1642 2077 1808 2134 consistoriis
1832 2081 1907 2138 omui

1084 2166 1154 2207 curet
1173 2153 1264 2208 dubio.
1284 2157 1437 2212 Diversitus
1459 2169 1547 2212 tanuen
1567 2161 1611 2216 hic
1624 2173 1664 2216 est
1679 2162 1749 2218 inter
1762 2175 1907 2236 patronum

1085 2239 1182 2292 laicum
1202 2255 1229 2295 et
1245 2243 1470 2310 ecclesiasticum
1485 2243 1530 2297 hic
1543 2245 1686 2316 indignum
1700 2250 1816 2304 scienter
1830 2267 1903 2320 prue-

1083 2326 1210 2381 sentrndo
1228 2329 1286 2395 jure
1305 2337 1456 2397 patronatus
1474 2345 1523 2400 pro
1540 2328 1586 2383 ilie
1606 2331 1663 2384 rice
1679 2332 1794 2399 excidit,
1813 2351 1844 2387 eo
1858 2335 1905 2386 de·

1087 2413 1171 2468 rolnto
1190 2413 1223 2467 ed
1242 2415 1405 2485 superiorem
1424 2433 1470 2471 seu
1489 2417 1642 2489 episcopum
1661 2437 1684 2472 c.
1708 2437 1767 2472 cum
1787 2419 1816 2474 iu
1842 2437 1906 2476 cun-

217 2250 339 2304 tissimus
359 2253 415 2318 ejus
434 2251 534 2305 fructus
554 2253 584 2304 in
604 2251 817 2322 praesentatione
842 2248 963 2302 ministri
991 2265 1034 2302 ec·

208 2333 304 2386 etesiae
324 2335 472 2398 consistat,
490 2335 650 2404 potissimus
669 2333 750 2388 etiem
774 2331 843 2402 juris
872 2331 948 2399 hujus
973 2328 1035 2382 nbu-

201 2431 248 2468 sus
276 2416 346 2470 circs
365 2436 422 2470 earn
443 2417 578 2470 committi
599 2419 681 2482 solet,
702 2419 744 2470 rel
762 2418 830 2468 circe
850 2415 938 2485 ipsum
961 2431 1036 2484 prse-

138 2504 168 2546 b²
212 2502 409 2566 sectationem,
430 2505 468 2556 rel
486 2503 557 2556 circe
576 2511 785 2574 praesentatum.
805 2499 881 2554 Circe
912 2516 1033 2570 praesen·
1083 2500 1139 2554 ctis.
1160 2511 1182 2552 t.
1201 2513 1228 2554 et
1256 2520 1279 2556 c.
1302 2513 1342 2554 ts.
1361 2505 1398 2554 Χ.
1416 2501 1450 2556 de
1470 2504 1545 2558 elect.
1565 2505 1680 2559 Patrono
1698 2523 1759 2560 rero
1777 2507 1845 2562 leico
1865 2512 1905 2563 in·

204 2587 332 2641 tutionem
355 2589 390 2660 t.)
411 2590 518 2659 quando
536 2598 663 2660 petronus
683 2587 712 2638 iu
730 2585 925 2660 praesentando
950 2585 1032 2652 negii·
1088 2595 1126 2638 trn
1147 2596 1253 2655 tempus
1270 2587 1418 2655 legitimum
1438 2589 1522 2642 elium
1540 2585 1626 2642 adbuc
1643 2590 1768 2644 idoneum
1782 2611 1904 2664 praesen·

201 2689 266 2739 gens
286 2687 339 2736 est,
359 2692 406 2728 nec
426 2675 498 2730 intre
515 2669 1031 2744 tempusalogepraescripturn,quod
1086 2680 1143 2723 tere
1162 2671 1322 2742 permissum
1341 2683 1389 2726 est·
1408 2691 1432 2728 c.
1453 2687 1494 2728 ts.
1514 2669 1670 2747 AE'dejur.
1697 2688 1809 2748 patron.
1835 2679 1904 2732 Gru-

202 2754 230 2805 iu
251 2767 363 2826 petrono
381 2757 449 2810 laico
466 2769 579 2828 quatuor
599 2756 759 2810 meusiume
775 2757 831 2822 jure
842 2753 971 2808 canonico
981 2773 1034 2826 per
1085 2753 1148 2808 tien.
1167 2755 1395 2827 disceptjbreus.
1406 2775 1428 2811 c.
1443 2771 1467 2812 s.
1480 2779 1509 2813 ιι.
1525 2759 1778 2815 structurum.
1795 2766 1823 2818 d.
1842 2783 1864 2818 c.
1879 2779 1903 2818 t.

208 2855 267 2910 cap.
286 2860 371 2911 quon.
393 2855 415 2895 t.
434 2861 491 2914 cop.
511 2861 572 2896 cum
588 2853 706 2910 propter.
727 2852 768 2892 2⁷.
788 2842 821 2894 Χ.
834 2841 869 2894 de
879 2839 940 2914 jur.
952 2851 1027 2909 patr.
1083 2857 1109 2892 ιι.
1133 2849 1173 2892 tt.
1195 2843 1234 2896 tn
1254 2859 1315 2896 vero
1336 2843 1360 2894 si
1381 2844 1471 2914 piures
1483 2845 1585 2914 petroni
1600 2882 1609 2911 ,
1624 2856 1650 2898 et
1663 2846 1745 2916 aliqui
1757 2846 1900 2917 indiguum

204 2924 232 2974 in
252 2927 353 2980 eurico
374 2945 397 2985 s.
417 2929 776 2998 meusiurnpercop.eam
795 2927 921 2980 tederet.
941 2927 1032 2978 22.AE
1082 2932 1268 2991 praesentent,
1288 2924 1381 2977 horum
1400 2926 1492 2994 jasad
1512 2927 1629 2998 reliquos
1648 2939 1834 3000 corupntronos
1860 2931 1902 2984 de·
1997 2979 2000 2987 ,

201 3011 262 3064 eod.
281 3013 309 3064 in
330 3013 426 3067 nostris
444 3013 564 3066 eeclesiis
585 3022 644 3082 post
663 3011 793 3064 effluxum
820 3011 966 3064 dimidium
984 3030 1030 3064 nn·
1082 3008 1212 3066 rotantur.
1232 3007 1285 3063 rid.
1304 3029 1345 3081 ep.
1358 3010 1523 3064 Dunnnzect.
1538 3009 1616 3064 decis.
1631 3023 1682 3064 rot.
1696 3029 1766 3064 rom.
1781 3023 1822 3064 tt.
1835 3033 1862 3067 rr.
1880 3025 1904 3068 2.

201 3114 265 3150 unm
292 3098 393 3166 gratiae
418 3097 506 3152 viduis
533 3096 720 3152 destructorum
746 3108 880 3168 pastorum
911 3097 941 3150 in
966 3097 1026 3151 ord.
1077 3111 1148 3165 seqq.
1165 3095 1201 3164 t.)
1220 3093 1360 3164 Exigeudo
1377 3115 1392 3150 a
1411 3096 1604 3167 praesentando
1622 3097 1715 3150 tium
1739 3100 1900 3165 rerersnies,

200 3181 267 3234 ecci·
293 3183 321 3236 d.
342 3185 453 3250 augusti
476 3199 646 3246 concessum,
670 3193 773 3254 tempus
792 3183 967 3238 constitutum
987 3185 1028 3236 in-
1078 3197 1100 3231 v·
1119 3195 1158 3246 gt.
1177 3178 1246 3246 quob
1267 3178 1329 3234 sciit
1346 3194 1433 3232 corum
1455 3191 1565 3250 patrono
1584 3179 1691 3250 potius,
1715 3199 1792 3252 quum
1813 3200 1901 3238 norum

205 3265 339 3318 verrimus·
358 3266 417 3318 Hoc
435 3276 524 3319 sutem
545 3265 567 3317 si
586 3267 736 3336 neglexerit
759 3277 913 3338 patronus,
931 3280 955 3322 et
980 3287 1027 3338 po-
1077 3263 1228 3332 inspectore
1241 3263 1282 3315 rel
1293 3262 1453 3316 consistorio
1473 3279 1578 3316 censam
1598 3282 1672 3317 suam
1692 3283 1768 3334 egere
1780 3277 1827 3320 etc.
1848 3268 1900 3320 rid.

196 3356 304 3410 testate,
324 3349 351 3400 in
370 3367 420 3418 qna
438 3366 499 3401 cum
518 3349 630 3403 eeclesia
650 3353 775 3405 hactonus
795 3353 935 3418 sustinuit,
958 3353 1025 3407 ebn-
1074 3347 1198 3418 Curpnor.
1210 3346 1324 3419 jurispr.
1336 3346 1449 3400 coratist.
1462 3348 1480 3399 t.
1497 3347 1573 3399 t.tit.
1589 3359 1612 3398 t.
1627 3347 1680 3417 defi
1704 3359 1744 3404 to·
1770 3367 1822 3418 per
1845 3361 1894 3404 tot.

199 3429 283 3496 titur,
304 3430 341 3484 nti
361 3432 478 3502 loquitur
498 3435 522 3486 d.
535 3451 595 3504 cop.
614 3453 698 3506 peren.
712 3449 737 3488 t.
750 3437 882 3506 privetur
899 3439 957 3506 jure
969 3456 1024 3504 suo,
1074 3433 1132 3482 Huc
1144 3447 1250 3500 quoque
1270 3439 1387 3501 spectat,
1406 3431 1428 3484 si
1451 3442 1576 3502 petronus
1594 3431 1668 3501 quasi
1684 3435 1787 3487 venales
1801 3435 1897 3488 hubent

200 3515 270 3585 qrrnd
290 3515 318 3568 in
340 3518 512 3588 episcopum,
531 3517 601 3588 apud
621 3519 712 3570 nosnd
727 3521 892 3591 principem,
906 3522 952 3593 qni
965 3525 1023 3592 jur.
1069 3516 1208 3588 perochies
1225 3524 1253 3569 et
1271 3516 1329 3586 pius
1350 3516 1510 3570 offerentem
1531 3528 1697 3586 praesentet,
1716 3518 1786 3589 quod
1814 3522 1898 3573 simo·

198 3600 364 3670 episcopalis
384 3619 434 3672 per
451 3601 611 3656 consistorio
631 3617 734 3660 exercet
752 3605 898 3658 deroiritur
920 3608 945 3661 d.
963 3627 1022 3676 cop.
1072 3603 1147 3654 nium
1166 3599 1251 3671 sapit3
1271 3601 1356 3670 gratis
1376 3600 1449 3654 enim
1468 3601 1647 3654 exercendum
1667 3613 1706 3656 est
1724 3603 1765 3669 jus
1779 3616 1903 3673 patronu-

198 3705 281 3756 quorr.
304 3702 325 3740 s.
345 3705 404 3760 cap.
432 3707 468 3742 ne
483 3705 534 3759 pro
554 3690 667 3760 defictu.
688 3699 730 3742 tt.
750 3693 785 3744 Χ.
805 3692 838 3744 de
849 3693 914 3746 ecci.
928 3715 950 3750 v·
963 3696 1021 3748 ord.
1070 3699 1111 3740 tus
1128 3705 1151 3741 c.
1165 3689 1325 3758 prenestinam.
1343 3701 1371 3740 t.
1386 3689 1426 3740 Χ.
1440 3687 1473 3740 de
1487 3704 1539 3740 rer.
1550 3697 1665 3757 permut.
1678 3707 1699 3740 c.
1711 3699 1864 3760 praeterea.
1877 3703 1900 3741 t.

202 3772 266 3822 ecci.
286 3772 361 3825 elect.
382 3775 479 3828 Suxnn.
499 3772 548 3826 tub
574 3773 652 3826 rubr.
678 3790 744 3826 vom
770 3775 937 3846 Beruff-und
958 3781 1023 3832 An·
1072 3774 1103 3823 Χ
1105 3811 1110 3824 .
1123 3773 1155 3826 de
1171 3781 1302 3826 transact.
1317 3772 1357 3824 De
1371 3771 1431 3823 eliis
1444 3769 1571 3824 abusibus
1590 3771 1659 3839 juris
1672 3773 1897 3843 potronatussid.

197 3853 335 3924 nebnruug
357 3855 408 3908 der
432 3855 687 3922 Kimissa-Dicam,
713 3864 735 3920 t.
765 3856 850 3914 Werm
876 3861 944 3916 aber
967 3863 1018 3918 der
1053 3857 1097 3910 du.
1118 3857 1324 3912 Brunuemenn.
1354 3857 1465 3929 dejure
1482 3857 1572 3912 socier.
1585 3857 1604 3910 i.
1619 3867 1675 3910 ιο.
1691 3869 1714 3910 t.
1729 3863 1750 3921 ς.
1763 3857 1810 3912 uit.

880 4019 1134 4096 CAPUT
1180 4021 1225 4090 V.

474 4191 532 4261 De
555 4189 665 4258 abusu
682 4191 777 4281 juris
798 4217 861 4283 per
883 4211 1105 4264 contractum
1130 4193 1181 4262 vel
1203 4206 1445 4262 testamentum
1468 4193 1627 4286 quaesiti.

439 4380 463 4431 ὁ·
484 4379 512 4430 tt
526 4375 561 4430 M
575 4377 611 4430 b!
623 4381 653 4433 A
670 4383 697 4435 li
714 4384 779 4452 13A
1075 4381 1219 4452 Quomodo
1232 4375 1457 4434 abutaturor'dun
1469 4375 1616 4432 dotalitio?
1628 4395 1654 4430 n.
1671 4388 1711 4430 tt.
1733 4391 1774 4432 ts.

1068 4466 1183 4519 Da'uirio
1196 4471 1393 4517 contractuum.
1409 4481 1438 4512 rr.
1454 4473 1493 4513 tt.

198 4543 340 4615 Digressus
353 4543 392 4598 od
403 4543 601 4619 abutumjurt't
612 4566 649 4602 em
660 4561 806 4606 convontus
819 4551 1018 4609 adcurreren-
1070 4550 1185 4603 Abusus
1205 4547 1278 4601 circa
1291 4544 1444 4601 accessoria
1459 4547 1554 4598 mutui.
1569 4563 1597 4596 ιι.
1616 4556 1654 4596 ts.

233 4643 262 4682 to
275 4628 399 4698 quaesiti.
414 4647 439 4682 ιι.
457 4641 477 4681 1.
1074 4632 1218 4703 Quomodo
1226 4633 1293 4685 oiim
1305 4646 1406 4684 usurae
1418 4625 1514 4682 deberi
1522 4628 1674 4700 ceperiutet
1682 4627 1763 4682 barbe
1775 4629 1894 4683 debenu-

201 4715 345 4783 Quomodo
360 4714 440 4768 nobie
448 4715 494 4782 jus
506 4714 534 4767 iu
550 4732 580 4769 re
591 4718 762 4786 quaeratur?
775 4737 803 4770 u.
818 4729 840 4772 t.
1108 4716 1174 4772 tur?
1186 4734 1215 4770 ιι.
1233 4727 1271 4766 ts.
1292 4725 1334 4766 to.

198 4799 345 4869 Digresrio
360 4801 397 4854 nd
408 4801 648 4873 territatumjura.
662 4820 694 4868 ιι.
707 4813 731 4854 s.
965 4863 968 4870 Ι
1071 4803 1119 4856 At
1128 4801 1194 4871 quid
1205 4801 1342 4854 conducat
1358 4796 1497 4869 expressio
1511 4813 1659 4851 usurarum
1673 4795 1702 4849 in
1716 4797 1898 4852 instrumento

196 4889 309 4940 Abusus
327 4881 529 4954 usufructuarii
536 4897 562 4938 et
575 4886 874 4960 asuarir'conjuogitar.
888 4907 916 4942 m
930 4899 955 4946 t,
1105 4883 1302 4957 obligationis?
1315 4902 1343 4936 rr.
1360 4895 1402 4934 tt.

197 4974 233 5022 Io
247 4970 340 5037 quibus
352 4968 480 5040 diffiram
491 4970 506 5021 ?
517 4989 545 5024 rr.
561 4983 586 5024 t.
1074 4973 1217 5043 Quomodo
1228 4971 1306 5043 justo
1325 4968 1445 5040 majores
1463 4983 1560 5022 usuros
1576 4969 1717 5038 exigentes
1729 4965 1898 5039 puniantur?

200 5055 344 5122 Quomodo
357 5055 386 5109 ἰιι
400 5056 487 5110 abusu
500 5055 693 5112 conueniant?
703 5077 730 5112 n.
745 5069 769 5112 s.
777 5103 799 5130 ,f
1108 5075 1137 5110 ιι.
1152 5067 1195 5108 2².

197 5141 247 5191 Au
259 5139 395 5206 praestito
409 5139 534 5193 cautione
544 5140 659 5194 abutens
667 5141 714 5210 jus
724 5159 802 5194 suum
815 5140 945 5194 amittat?
956 5157 982 5191 rr.
996 5149 1020 5192 t.
1075 5139 1222 5212 Quodnam
1223 5137 1305 5210 jurio
1314 5138 1488 5193 commodato
1500 5137 1719 5195 commodatorio
1727 5139 1896 5208 quaeratur?

200 5231 249 5277 An
267 5226 359 5280 cautio
379 5225 414 5278 de
431 5243 490 5278 non
509 5224 646 5280 abutendo
660 5230 764 5280 remitti
770 5227 878 5296 possit?
894 5247 922 5278 n.
942 5237 968 5277 s.
1105 5242 1133 5276 rr.
1150 5235 1193 5277 ts.

198 5311 241 5364 De
261 5309 349 5364 abusu
366 5311 506 5363 seruitutis
523 5309 611 5377 realis,
615 5311 691 5383 juris
705 5313 837 5383 parcendi
845 5314 943 5381 agatur.
954 5328 982 5362 rr·
999 5325 1023 5366 s.
1074 5307 1218 5380 Quomodo
1232 5305 1467 5364 commodatorius
1472 5306 1541 5379 jure
1551 5321 1602 5358 ruo
1617 5303 1769 5360 abutatur?
1783 5323 1808 5354 ιι.
1827 5313 1867 5355 tt.

199 5401 245 5448 An
264 5395 289 5446 ei
306 5397 368 5464 quis
382 5396 465 5465 plura
478 5412 593 5461 pecora,
617 5413 697 5466 quam
718 5397 752 5450 ab
775 5396 856 5450 initio
869 5405 1022 5448 contractus
1072 5393 1227 5450 limitatio.
1242 5411 1269 5448 n.
1287 5404 1328 5444 ts.

234 5479 344 5544 imbuit,
361 5497 466 5546 pascere
479 5479 555 5546 redit,
575 5481 681 5534 amittat
691 5481 743 5554 jus
758 5480 912 5550 parcendi?
930 5498 957 5531 ιι.
980 5489 1021 5533 to·
1074 5480 1161 5548 Quale
1164 5480 1213 5552 jas
1224 5496 1260 5532 ee
1273 5473 1394 5546 deposita
1407 5471 1573 5544 depositorio
1586 5471 1753 5542 quaeratur?
1765 5489 1793 5524 rr.
1810 5485 1851 5527 st.

202 5564 341 5634 Digrestio
360 5564 399 5616 nd
407 5564 458 5636 jus
476 5563 604 5618 dotalitii.
623 5585 653 5618 rr.
674 5577 714 5618 tt.
990 5586 997 5609 ι
1073 5564 1218 5636 Quomodo
1232 5581 1264 5616 eo
1277 5561 1407 5615 abutatur
1418 5555 1623 5628 depositarius?
1640 5573 1668 5604 n.
1692 5565 1733 5605 tr.

202 5651 386 5712 Quanta'tntem
404 5649 527 5704 dotalitii
538 5668 566 5700 ιι.
585 5661 628 5702 tt·
1075 5649 1220 5718 Quomodo
1234 5645 1354 5701 creditor
1356 5645 1423 5718 jure
1433 5639 1558 5712 pignoris
1570 5637 1718 5694 abutatur?
1732 5657 1758 5692 ιι.
1775 5649 1817 5692 te.

202 5733 325 5800 Quando
342 5733 498 5790 debentur?
510 5756 536 5788 n.
555 5750 592 5790 tt.
611 5747 651 5792 rt.
1077 5736 1123 5789 De
1137 5741 1282 5788 contractu
1294 5728 1482 5784 anticbretico·
1497 5745 1525 5780 ιι.
1539 5736 1581 5777 ts.
