4418 6266
467 229 518 302 ὅθι

405 412 465 464 Jat.
483 410 558 463 Caes.
575 425 599 458 c.
618 417 661 458 st.
672 405 818 458 ludovicus
831 407 980 474 ttuaigariae
994 422 1040 459 res
1053 418 1225 474 cognomento

405 497 577 555 immaturus,
595 490 647 560 (eo
663 489 734 559 quod
751 498 828 540 natus
846 487 905 540 sine
922 497 995 550 ente,
1020 506 1098 558 quim
1125 487 1223 540 medici

403 593 460 632 arte
477 577 606 639 fecerum,
624 575 763 628 immature
781 589 851 624 anno
873 574 1016 624 inretitis
1029 589 1108 640 regno
1122 569 1224 640 praeie-

405 677 476 726 ctus,
493 663 636 714 immature
652 676 722 710 inno
744 666 781 708 ιι.
803 653 944 718 barbatus,
963 655 1105 707 immature
1119 654 1224 706 tandein

1036 223 1225 284 DiSPUTdT.
1243 225 1299 279 XX.
1319 225 1435 286 CAPUT
1454 231 1476 284 1.
1982 233 2024 286 m

320 338 367 383 ιιι
402 327 468 381 eieci
485 329 506 380 i.
524 321 597 394 regis
613 321 736 386 Galliae,
755 330 860 376 enarrat
878 322 990 376 Zesocst
1013 321 1042 376 in
1066 323 1140 376 Suet.
1165 321 1224 395 Cej.

1273 323 1329 391 gis,
1348 337 1376 378 et
1395 325 1512 389 Caroli,
1530 324 1630 379 sororii
1648 325 1786 398 ejusdem,
1800 323 1963 399 sigismundi
1977 329 2065 384 sostris-

1276 408 1315 470 ei,
1333 418 1362 461 et
1379 409 1466 462 Caroli
1486 409 1628 478 burgundi.

1308 496 1393 548 mutu
1411 514 1600 567 nonuunquam
1620 495 1774 566 principes,
1787 495 1950 566 quiaomnia
1966 496 2067 554 minutis-
2092 504 2115 545 111

1273 578 1342 632 sima
1359 580 1500 634 observare
1518 580 1623 644 volunt,
1641 579 1704 633 duni
1718 582 1751 633 de
1762 581 1902 634 mnodo
1918 582 2067 654 ipsorumagi

1275 660 1417 731 judicant,
1436 679 1469 715 ex
1488 662 1591 718 ieriore
1609 663 1756 732 denegant,
1773 683 1840 734 qnae
1859 676 1946 718 tamen
1965 672 2067 740 saepias,

404 765 474 800 inno
494 757 539 799 ιι.
555 745 691 806 mortuus)
708 741 737 792 in
756 739 858 810 praelio
875 747 966 791 eontra
984 748 1068 790 turcas
1080 737 1185 800 cecidit,
1197 745 1227 789 et
1276 745 1300 797 ,ξ
1316 743 1544 813 concederemus,
1563 757 1591 800 ,ι
1608 747 1770 802 {mmmm
1786 749 1848 802 „mi
1870 767 1975 814 mm.
1999 766 2068 824 m

406 847 516 900 regnum
535 839 672 899 propterte
684 825 713 876 in
728 822 854 876 maximis
866 821 953 874 turbis
967 820 1088 888 reliquit,
1101 835 1161 870 curo
1173 820 1225 873 im·

405 913 526 968 minitati
547 921 679 964 turcarum
700 924 747 976 per
766 917 879 958 mortem
899 905 969 974 regis
987 913 1081 958 uineta
1097 915 1225 976 paterent,

406 1000 461 1066 sid;
480 997 571 1054 ntitas
588 997 615 1048 d.
632 994 752 1063 Regibus
769 992 861 1061 Hung.
878 989 898 1040 i.
920 998 943 1041 ι.

443 1084 487 1136 llli
507 1099 569 1150 ergo
579 1080 658 1143 bello,
665 1077 771 1148 politici
785 1079 915 1128 interesse
925 1072 1090 1146 principem,
1104 1071 1223 1140 suadent,

402 1171 474 1241 qnod
490 1170 560 1222 intra
578 1166 686 1236 imperii
703 1163 744 1216 sni
763 1158 832 1214 lines
849 1162 966 1230 geritur,
985 1170 1030 1212 aut
1047 1159 1153 1228 quando
1170 1161 1224 1212 evi·

401 1257 468 1308 dens
486 1253 634 1326 periculum
652 1248 706 1319 ipsi
725 1247 866 1310 imminet,
892 1245 950 1310 ita,
980 1254 1011 1298 nt
1035 1261 1222 1315 nonnunquam

403 1355 507 1392 sumine
525 1351 614 1389 rerum
633 1333 680 1386 uui
698 1333 780 1384 alicui
800 1329 901 1401 praetio
918 1329 1124 1396 committenda,
1150 1341 1180 1382 ut
1198 1329 1221 1383 si

404 1424 432 1475 in
451 1424 499 1476 illo
516 1419 714 1482 succumberet,
731 1417 822 1470 omnia
839 1416 972 1487 perirent,
991 1417 1077 1469 uteie
1096 1417 1222 1487 princeps

401 1506 508 1576 quaevis
525 1505 710 1577 periclitetur,
720 1503 776 1556 imo
789 1514 902 1556 mortem
916 1501 1004 1572 pitius
1013 1511 1130 1573 oppetat,
1142 1520 1220 1572 quini

402 1593 513 1650 esdiusn
531 1598 577 1644 aut
593 1589 776 1659 captivitatem
793 1587 889 1656 eligat,
909 1585 961 1638 sid.
979 1586 1107 1639 Saevedra
1134 1585 1219 1656 symb.

405 1689 447 1732 te.
470 1675 610 1730 Boecierus
617 1675 645 1726 in
658 1682 711 1726 tec.
720 1690 747 1740 p.
760 1688 795 1722 m.
808 1681 816 1721 ι
827 1667 1056 1723 to.Cinonberius
1065 1671 1096 1720 s'ss
1107 1669 1219 1722 ds'seurs.

400 1763 479 1835 pulis.
491 1761 596 1815 odrae.
607 1777 634 1828 p.
648 1775 683 1810 ιιι.
702 1768 760 1807 ιιι.
774 1754 885 1824 Hippoi.
894 1773 910 1806 ι
924 1753 991 1806 cott.
1004 1756 1034 1806 a'n
1047 1763 1081 1806 tr.
1100 1753 1127 1806 d
1144 1754 1220 1820 prin-

402 1849 454 1916 cip.
465 1865 489 1900 e.
506 1858 544 1900 ιι.
557 1849 588 1899 in
601 1842 685 1897 addit.
698 1841 738 1892 lit.
752 1839 778 1892 1.
792 1839 905 1908 Spreng.
917 1837 948 1890 s'n
959 1849 1013 1892 soe.
1029 1839 1136 1890 oeiom.
1155 1838 1173 1889 i.
1194 1849 1218 1892 s.

401 1947 424 1982 c.
439 1941 465 1981 ι.
480 1929 555 1982 Fecit
573 1929 621 1979 boc
639 1924 721 1978 iudas
741 1921 857 1976 biaceab.
875 1920 948 1991 qnia
971 1921 1102 1974 Nicanore
1119 1924 1153 1974 id
1173 1921 1203 1974 in

402 2013 466 2067 citas
484 2011 617 2074 redactus,
634 2009 741 2078 collegit
756 2007 845 2077 copias
862 2006 982 2074 quamvis
996 2022 1103 2074 parvas,
1117 2017 1144 2057 et
1156 2007 1219 2076 quia

404 2113 504 2150 sumnia
517 2110 605 2146 rerum
619 2094 647 2145 in
660 2110 691 2146 eo
710 2091 869 2154 vertebatur,
882 2099 911 2140 ut
922 2099 967 2140 sut
978 2089 1026 2140 uni
1038 2091 1137 2159 proelio
1149 2109 1221 2144 corn.

399 2182 525 2254 ¹niittcret
542 2197 615 2232 suam
633 2178 779 2242 loctunam,
796 2185 841 2227 ιιιι
858 2175 990 2245 captivum
1003 2191 1031 2226 se
1043 2175 1167 2243 traderet,
1179 2177 1220 2230 iel

403 2265 515 2320 exilium
533 2267 654 2334 eligeret,
670 2263 758 2334 potius
776 2259 896 2322 censuit,
915 2259 1016 2329 praelio
1035 2257 1175 2312 decernere
1192 2270 1221 2315 et

403 2361 514 2402 mortem
530 2359 664 2421 oppetere,
682 2364 759 2416 quim
780 2345 880 2414 reliqui
898 2342 1017 2412 perpeti:
1041 2343 1112 2411 quod
1142 2345 1221 2414 prius

402 2435 484 2487 etiam
502 2433 602 2488 lactum
621 2433 775 2503 etquidem
795 2431 921 2496 feliciter,
942 2441 967 2480 ι.
986 2429 1111 2482 Meceni.
1130 2447 1155 2481 e.
1178 2443 1221 2484 ts.

402 2523 432 2575 Si
452 2522 517 2574 Otto
535 2519 700 2575 interfuisset
718 2535 819 2590 pugnae
837 2526 929 2570 eontra
949 2516 1104 2581 Vitellium,
1118 2517 1219 2584 cenius

402 2621 522 2658 ιιιιιιιιιι
540 2606 684 2676 imperium
703 2601 877 2674 dependebat,
890 2617 975 2670 uerpie
987 2599 1143 2670 imperium,
1158 2619 1219 2671 neq;

403 2691 480 2744 vitani
497 2692 653 2755 amisisset,
671 2691 732 2742 Tae.
752 2689 769 2742 i
786 2701 827 2741 ιι.
839 2687 938 2742 onnnl.
951 2687 1062 2740 Saeved.
1074 2688 1161 2758 symb.
1175 2699 1219 2742 ιι.

401 2776 515 2848 Spreug.
528 2774 614 2830 ι1.1.1.
629 2789 653 2828 t.
664 2793 686 2828 c.
700 2785 724 2826 ι.

439 2861 544 2914 ΒιΙΙιιιιι
571 2872 602 2914 ut
629 2871 736 2924 nutriris,
756 2855 816 2910 ideo
833 2855 951 2926 geritur,
975 2868 1005 2908 ut
1030 2853 1103 2924 pacis
1126 2853 1221 2907 mndi-

409 2946 494 2998 tiones
512 2964 543 2998 eo
562 2944 656 2997 melius
674 2945 861 3012 acquirantur,
879 2938 1100 3012 quemadmodum
1114 2957 1174 3010 ergo
1186 2940 1220 2994 de

404 3033 552 3102 praesentii
570 3030 703 3102 principis
723 3031 752 3081 iu
772 3028 843 3082 bello
861 3031 890 3080 in
909 3025 1131 3099 praecedentibus
1150 3026 1219 3080 vidi-

403 3133 480 3180 iuus,
498 3119 551 3184 jaro
570 3116 603 3168 de
621 3102 769 3186 proesentis
787 3115 845 3182 ejus
858 3113 885 3166 in
898 3113 1012 3184 negotiis
1030 3111 1101 3182 picis
1119 3125 1219 3181 pertra-

402 3201 507 3254 ctandis
525 3201 577 3254 crit
595 3199 793 3269 inquirendum.
813 3197 847 3249 Et
865 3197 1056 3268 principibus,
1074 3205 1104 3248 ut
1122 3196 1176 3265 ipsi
1189 3197 1217 3249 in

403 3302 514 3358 persona
531 3286 705 3350 conveniant,
723 3282 860 3336 tractaturi
881 3281 914 3333 de
927 3283 999 3352 pacis
1013 3281 1139 3352 negotiis,
1151 3299 1215 3334 con·

403 3374 502 3426 iuiturn
522 3371 636 3424 minime
652 3387 712 3422 esse
730 3369 846 3438 poterit,
864 3378 980 3437 propter
990 3365 1061 3420 varia
1075 3366 1216 3420 incolume

404 3457 453 3520 dai,
471 3474 539 3526 quae
556 3456 619 3508 inde
639 3457 789 3518 resultant,
807 3451 851 3506 vid
869 3452 914 3503 do.
939 3449 1045 3502 Brunn.
1068 3451 1098 3502 s'n
1125 3459 1160 3502 tr.
1185 3451 1218 3502 de

1275 845 1309 880 ne
1328 829 1523 882 inconstantiae
1541 841 1634 884 notatu
1657 832 1815 897 incurrant,
1837 845 1978 903 pntintes,
1999 855 2069 892 meria
2135 845 2136 902 J

1275 913 1410 984 principis
1431 914 1530 968 debere
1546 932 1604 966 esse
1623 934 1713 968 vocem
1742 917 1810 982 Dei,
1834 935 1956 972 rerncsre
1978 920 2069 976 minine

1275 997 1316 1048 vel
1334 997 1425 1048 volunt
1434 1033 1442 1060 ,
1457 997 1498 1050 rel
1509 999 1590 1050 etiam
1605 1009 1724 1067 ροιιιιιιι.
1739 998 1760 1050 Ε
1773 1013 1863 1054 contre
1876 1003 1958 1056 multa
1969 1021 2070 1072 prsesen·
2135 1009 2136 1014 ’

1276 1089 1316 1132 ιιι
1335 1080 1443 1148 saepius
1461 1081 1611 1134 concedunt
1629 1081 1780 1154 principes,
1800 1102 1878 1138 musa
1896 1087 1984 1157 eliqua
1999 1087 2069 1155 docti,
2135 1067 2136 1070 Ἴ

1272 1181 1339 1234 quae
1357 1164 1481 1218 aliseutes
1500 1165 1675 1233 denegarent.

1310 1249 1451 1302 Accedunt
1468 1266 1574 1319 quoque
1593 1261 1681 1303 metus
1699 1249 1892 1322 periculornni,
1910 1253 2028 1324 fraudes,
2048 1272 2069 1314 st
2090 1283 2116 1326 aa,

1275 1333 1505 1398 machinationes,
1525 1336 1554 1386 iu
1573 1333 1671 1403 quibus
1683 1348 1820 1390 versamur
1833 1338 1970 1410 principes
1981 1342 2007 1392 iu
2017 1346 2071 1411 ejas·

1271 1418 1344 1470 mciii
1363 1419 1550 1482 consentibus,
1567 1437 1648 1488 quam
1665 1416 1744 1473 iaciie
1761 1423 1834 1474 enim
1854 1441 1902 1494 per
1914 1423 2071 1497 lraudespot

1271 1513 1309 1556 est
1326 1501 1416 1555 seduci
1435 1505 1577 1574 princeps,
1597 1515 1627 1556 ut
1645 1521 1699 1556 nnn
1729 1521 1789 1558 raro
1802 1509 1884 1560 etism
1899 1508 1929 1561 in
1945 1511 2070 1579 periodum

1272 1586 1452 1654 captivitatis,
1471 1587 1527 1640 imo
1546 1588 1614 1640 vitae
1631 1587 1717 1660 ipsius
1735 1588 1844 1643 incidat.
1863 1592 1926 1648 Non
1942 1605 2025 1648 auten
2037 1596 2071 1651 ds·
2095 1599 2118 1640 111

1272 1669 1317 1724 bet
1336 1673 1462 1745 prinecps
1482 1674 1522 1726 sic
1540 1689 1585 1735 se,
1602 1683 1630 1726 et
1647 1691 1735 1744 perse
1748 1677 1879 1745 rempubl.
1892 1679 1922 1731 iii
1936 1697 2021 1734 casiam
2033 1681 2070 1732 da·

1271 1774 1309 1811 re.
1328 1758 1392 1811 Tac.
1410 1757 1429 1810 1.
1452 1769 1475 1810 t.
1494 1757 1593 1812 nunni.
1618 1775 1641 1812 c.
1667 1768 1708 1810 ιι.
1730 1759 1784 1827 Ιιιι1
1808 1778 1928 1815 sominae
1946 1776 2074 1828 resumet

1273 1843 1387 1915 imperio
1406 1859 1434 1896 se
1451 1860 1604 1906 reservare,
1622 1843 1685 1896 Tae.
1703 1846 1722 1898 1.
1742 1858 1755 1898 ι
1787 1845 1849 1900 Ιιίιι.
1867 1865 1891 1901 e.
1913 1861 1956 1901 ss.
1972 1851 2073 1904 Praeser·

1273 1927 1322 1980 tini
1342 1945 1403 1981 curn
1424 1926 1496 1981 iraus
1513 1939 1540 1982 et
1558 1928 1634 1981 dolus
1651 1927 1762 1982 obscure
1781 1932 1838 1985 sint
1855 1941 1883 1984 et
1902 1932 2071 2002 inevitabilia,

1270 2011 1333 2062 Tae.
1351 2010 1371 2062 i.
1390 2019 1415 2062 ι.
1434 2010 1532 2064 iisne.
1552 2021 1596 2062 ιι.
1615 2011 1662 2066 Sic
1676 2011 1847 2067 Radamistus
1856 2015 2074 2074 treherdnsnis
2098 2026 2119 2069 ιιι

1271 2109 1362 2148 cerum
1380 2096 1510 2148 illexerat
1528 2094 1561 2148 id
1582 2105 1760 2162 conventum,
1778 2115 1826 2168 spe
1845 2102 2037 2165 transactionis,
2051 2112 2074 2156 ιι

1269 2190 1464 2252 componerent
1482 2180 1605 2243 bellum,
1622 2180 1692 2250 quod
1711 2182 1785 2235 inter
1802 2183 1874 2254 ipsos
1893 2181 2072 2254 tuentorsin,

1272 2267 1404 2336 adjiciens
1422 2284 1502 2339 posse
1519 2269 1615 2322 melius
1633 2270 1783 2339 praesentia
1806 2269 1918 2340 proprii
1941 2289 2016 2342 quain
2035 2290 2074 2342 per

1271 2354 1368 2422 legatos
1388 2352 1516 2422 transigi,
1536 2370 1585 2406 nec
1602 2351 1691 2416 ierro,
1711 2370 1760 2404 nec
1778 2371 1896 2420 veneno,
1911 2355 1941 2406 in
1954 2355 2073 2408 tileberia·

1274 2449 1328 2491 teau
1348 2454 1459 2490 usurum
1478 2437 1622 2508 promisit,
1640 2436 1809 2492 Meherdates
1826 2438 1873 2492 ubi
1890 2450 2073 2511 comparuerit,

1273 2522 1467 2576 Rhadamistus
1486 2540 1546 2575 cuin
1565 2524 1625 2592 ejus
1643 2521 1775 2592 potentior
1792 2533 1863 2576 esset
1880 2523 1988 2590 lictus,
2013 2540 2074 2577 eaeo

1274 2607 1357 2676 pitita
1375 2608 1605 2678 aequivocationis
1625 2605 1733 2670 lraiide,
1753 2625 1805 2659 non
1823 2608 1935 2678 qnideni
1955 2608 2075 2674 ferreae

1275 2709 1395 2758 veneno,
1411 2693 1488 2764 quasi
1508 2691 1686 2762 jurisjurandi
1705 2709 1825 2756 memor,
1845 2693 1891 2746 sed
1904 2693 2074 2765 projeelunii

1276 2773 1406 2844 humum,
1436 2787 1463 2832 ιι
1486 2785 1558 2829 veste
1584 2775 1667 2827 multi
1688 2778 1811 2845 gravique
1833 2787 1976 2848 opertum,
1993 2773 2075 2828 necuit

1273 2859 1335 2914 Tae
1349 2861 1368 2913 t.
1386 2871 1428 2914 ιι.
1445 2859 1541 2913 annal.
1559 2877 1584 2912 c.
1598 2861 1640 2923 ds.
1655 2861 1695 2912 De
1707 2877 1849 2929 congressu
1861 2861 2012 2932 Tryphonis
2022 2859 2075 2912 liin·

1275 2943 1383 3000 duiento
1400 2963 1460 3000 curn
1480 2945 1612 3010 Jonstha,
1632 2943 1684 2998 sid.
1700 2957 1723 2996 t.
1735 2946 1858 2999 Haecci-
1875 2957 1921 3000 ιι.
1932 2964 1958 2998 v.
1972 2956 2010 2998 ιι.
2020 2963 2075 3016 seqq.

1272 3029 1345 3099 Quid
1363 3028 1550 3086 dissidentium
1569 3030 1723 3101 principum
1735 3030 1900 3084 conferentia
1914 3031 2035 3085 utilitatis
2043 3029 2074 3081 le·
2098 3028 2125 3071 111

1269 3123 1314 3167 ιιι
1335 3115 1453 3168 nondum
1473 3125 1544 3170 reete
1568 3116 1716 3186 composita
1743 3133 1820 3185 pace,
1844 3115 1921 3172 docet
1944 3115 2075 3186 exemplem

1271 3200 1456 3254 Romanorum
1474 3200 1551 3256 ducis
1569 3201 1653 3255 Flavii
1672 3217 1732 3253 eum
1752 3200 1834 3254 iratre
1848 3202 1985 3268 Arminio,
1996 3201 2074 3271 quibis

1269 3283 1371 3339 diversa
1389 3305 1440 3357 pro
1458 3297 1486 3340 et
1503 3297 1597 3342 contra
1616 3288 1841 3354 memorantibus,
1869 3307 1902 3344 eo
1928 3290 1986 3342 lites
2008 3302 2076 3338 erere

1267 3381 1343 3434 rant,
1363 3383 1389 3426 ut
1406 3390 1422 3424 ι
1438 3371 1652 3426 contentionibus
1670 3371 1820 3426 verbalibus
1838 3369 1896 3423 lere
1913 3370 1948 3424 ad
1975 3385 2073 3440 pugnarn

1274 3457 1393 3528 prolapsi
1411 3465 1520 3520 essent,
1544 3457 1579 3510 ita
1597 3457 1696 3523 etiam,
1715 3468 1744 3509 ιιι
1762 3457 1807 3510 rix
1824 3453 1941 3510 flumine
1958 3456 2075 3522 interjecto

402 3559 469 3608 pace
476 3543 552 3611 potis.
569 3541 673 3595 dissert.
694 3553 717 3592 ι.
735 3539 773 3590 ιι.
795 3549 837 3592 ιι.
855 3547 881 3588 ιι
898 3537 1003 3589 emere.
1016 3547 1041 3588 ι.
1051 3535 1089 3586 tls.
1105 3547 1128 3589 s.
1141 3537 1217 3588 Duos
1266 3541 1841 3613 mhtbeaipoiffltnr‚·r,0‚1,2‚„„„„1„,
1857 3551 1881 3592 ς,

405 3627 520 3680 itherius
539 3626 568 3678 in
586 3625 654 3695 disp.
667 3625 739 3694 juris
750 3621 821 3693 past.
841 3621 909 3693 disp.
927 3623 961 3675 de
973 3639 1043 3689 pnee
1060 3639 1082 3673 c.
1096 3631 1119 3674 ι.
1133 3638 1159 3674 ιι.
1176 3632 1216 3674 ιι.

401 3730 429 3782 p.
449 3719 510 3763 ιιι.
528 3709 564 3761 Et
581 3709 645 3760 binc
663 3711 747 3778 inagis
765 3709 833 3760 utile
845 3707 978 3778 principi,
991 3709 1098 3775 negotia
1113 3709 1160 3760 illa
1173 3725 1220 3778 per

403 3799 544 3852 ministros
563 3807 692 3860 tractare,
717 3815 796 3866 quatu
816 3796 872 3848 iltis
890 3813 963 3848 suurn
986 3796 1159 3866 prncseutiarn
1180 3798 1222 3847 iu·

404 3901 561 3956 terponcre,
581 3886 696 3954 Spreng.
715 3883 745 3933 in
762 3894 816 3934 tue·
836 3882 943 3934 otiosis.
963 3881 981 3929 i.
1003 3892 1026 3932 t.
1043 3897 1066 3930 c.
1087 3892 1129 3930 st.
1151 3881 1221 3931 Baro

401 3975 474 4026 cuitu
494 3987 584 4037 regnan
597 3979 641 4020 iut
656 3969 808 4039 principum
820 3966 1008 4020 conventiones
1022 3971 1085 4018 suut
1098 3965 1219 4017 irnctuo-

401 4077 459 4122 sac,
477 4071 536 4108 eum
557 4053 620 4106 inde
639 4055 738 4121 majora
756 4053 818 4104 odii
835 4054 938 4105 sulcant
946 4051 1083 4104 concitari.
1096 4051 1133 4104 Ut
1145 4051 1218 4102 enim

404 4140 563 4196 cominatus
581 4138 671 4209 inquit
689 4139 708 4188 1.
729 4151 752 4190 ι.
771 4136 866 4191 liistor.
884 4138 964 4209 alleg.
983 4155 1002 4190 o
1025 4136 1176 4194 Brisnnem.
1194 4155 1217 4190 c.

404 4229 423 4283 l.
438 4225 624 4298 imprudenter
638 4223 739 4276 faciunt
749 4224 886 4294 principes
898 4222 998 4292 aequali
1014 4225 1130 4293 potentia
1145 4242 1222 4293 prae·

401 4315 467 4378 diti,
485 4311 556 4384 quod
574 4312 605 4363 in
623 4311 827 4365 collocutionem
841 4310 897 4380 ipsi
911 4308 1082 4362 descendant.
1101 4310 1220 4363 Praeter·

388 4418 479 4471 quaiu
498 4398 587 4464 enim,
603 4399 673 4470 quod
694 4398 825 4468 majestati
846 4398 931 4466 major
942 4412 977 4448 ex
990 4393 1135 4464 longinquo
1148 4411 1219 4449 reve-

401 4488 506 4552 rentia,
524 4497 627 4540 mutuus
646 4497 766 4556 aspectus
782 4481 885 4536 occidte
898 4481 959 4535 odia
972 4481 1080 4550 detegit,
1092 4480 1217 4532 sinistras

400 4573 543 4644 opiniones
560 4584 679 4642 generat,
700 4583 727 4624 et
743 4571 827 4635 lites,
845 4569 868 4622 si
888 4567 977 4621 nullae
994 4566 1050 4619 sint
1057 4603 1067 4632 ,
1086 4565 1216 4636 parturit.

402 4657 575 4729 Principibus
591 4659 666 4712 enim
684 4655 752 4727 ipsis
770 4666 876 4724 gratum
890 4663 945 4717 est,
958 4649 1107 4722 praedicari
1120 4669 1135 4702 i
1149 4651 1216 4702 mol-

403 4747 451 4806 tis,
471 4743 522 4795 boc
539 4751 628 4794 autem
648 4739 746 4809 absque
764 4741 875 4791 alterius
894 4736 1080 4806 vituperatione
1092 4736 1137 4790 rix
1154 4731 1218 4788 beri

1304 3625 1438 3697 Quicquid
1456 3637 1542 3678 autern
1562 3625 1657 3678 borram
1674 3626 1726 3689 sit,
1744 3624 1768 3677 si
1788 3634 1875 3676 tamen
1890 3619 2072 3693 proficiscenti·
2098 3639 2124 3678 ιιι

1270 3711 1318 3764 bns
1338 3711 1401 3764 liinc
1420 3709 1483 3765 inde
1502 3710 1595 3778 legitis
1609 3710 1637 3762 iu
1651 3727 1753 3764 sumina
1767 3709 1839 3780 pacis
1852 3709 1925 3762 nibil
1944 3705 2075 3780 proicitur,

1268 3805 1296 3848 et
1314 3795 1449 3860 videatur,
1467 3793 1538 3865 quod
1551 3811 1600 3864 per
1614 3795 1792 3866 praesentiam
1807 3805 1832 3848 et
1843 3805 2002 3848 coniectura
2014 3793 2077 3864 prin·

1267 3883 1356 3954 cipum
1376 3897 1429 3954 pax
1447 3877 1575 3932 facillimo
1594 3879 1696 3948 negotio
1715 3879 1802 3949 possit
1818 3880 1953 3949 componi,
1981 3875 2073 3930 tandein

1267 3969 1398 4037 colloquio
1415 3977 1441 4021 et
1457 3965 1598 4019 conventui
1618 3963 1736 4033 ipsorum
1753 3961 1917 4032 Principum
1933 3959 2074 4032 tempnsio·

1268 4069 1367 4122 cosque
1384 4048 1575 4111 alestinandus,
1594 4047 1655 4100 'iic-
1672 4046 1692 4098 1.
1715 4058 1755 4100 ιι.
1774 4047 1872 4099 onnol.
1891 4064 1955 4118 cop.
1974 4060 2073 4102 stom·
2097 4067 2123 4110 ,ai

1267 4149 1307 4194 tie
1326 4147 1413 4190 tamen
1432 4145 1460 4188 et
1477 4133 1522 4186 bie
1534 4131 1702 4188 adhibendae
1718 4142 1782 4185 sunt
1800 4131 1927 4201 murciae,
1944 4139 1976 4184 nt
1996 4129 2074 4183 omnis

1267 4223 1339 4278 iraus
1357 4222 1463 4284 exulet,
1486 4237 1554 4290 quae
1577 4235 1627 4290 pro
1652 4219 1732 4270 modo
1755 4217 2016 4270 circumstantiarum
2039 4231 2074 4264 vi-

1268 4309 1354 4375 riant,
1372 4306 1513 4361 nonnullae
1530 4320 1563 4355 ex
1584 4301 1706 4355 historiis
1718 4297 1894 4352 iilbibendie.
1911 4297 2001 4352 Liceat
2023 4312 2076 4365 ergo

1269 4393 1437 4464 exemplum,
1451 4387 1523 4462 qnod
1541 4386 1620 4440 bibet
1637 4386 1683 4436 dn.
1703 4381 1807 4438 Brunn.
1831 4401 1868 4436 ese
1882 4383 2029 4437 &minues
2052 4380 2073 4432 i.

1267 4481 1286 4533 1.
1304 4477 1369 4532 diss.
1388 4491 1413 4530 ι.
1431 4477 1470 4530 sla.
1485 4488 1509 4528 ι.
1522 4471 1599 4542 lits.
1613 4481 1639 4524 ιι
1653 4470 1849 4540 bicipponere.
1862 4467 2009 4520 Ludorims
2020 4464 2070 4517 xli.
2099 4487 2124 4533 μ,

1266 4563 1371 4616 Galliae
1389 4576 1434 4613 rex
1464 4559 1605 4626 interjecto
1629 4553 1779 4625 sepimento
1801 4551 2001 4621 colloquebatur
2021 4563 2070 4602 erin

1268 4646 1394 4700 Eduardo
1411 4643 1506 4712 anglo,
1524 4641 1568 4696 sati
1588 4637 1682 4700 molo,
1700 4637 1730 4691 iii
1749 4635 1838 4690 medio
1856 4646 1937 4706 ponte
1955 4632 2028 4688 nebu
2039 4651 2073 4684 ei·

1267 4749 1314 4784 rea
1332 4727 1463 4784 mediocri
1483 4721 1642 4788 altitudine,
1654 4733 1681 4776 et
1699 4739 1729 4776 ea
1742 4720 1929 4791 amplitudine,
1947 4731 1979 4773 ut
2000 4717 2071 4773 airis

402 4839 505 4902 potest;
519 4827 552 4881 de
563 4825 747 4898 praecedentia
761 4825 842 4876 etiam
857 4833 885 4874 et
896 4820 1076 4892 procles-eutii
1087 4822 1149 4874 lites
1163 4836 1216 4872 non
1263 4835 1314 4888 que
1330 4814 1447 4867 duodeni
1464 4809 1611 4867 consistere
1628 4818 1747 4879 possent,
1766 4809 1823 4877 ejus
1841 4803 1975 4860 loramini
1988 4821 2017 4858 ei
2029 4819 2073 4856 ns·

400 4921 473 4970 teres
490 4913 597 4982 saepius
615 4913 776 4980 gignuntur,
800 4906 871 4960 unde
888 4903 933 4970 iit,
955 4914 987 4957 ut
1011 4901 1109 4958 inlecti
1128 4919 1157 4956 re
1176 4903 1217 4956 di-

401 5000 526 5061 seedant,
544 5006 570 5048 st
588 4995 701 5056 malurn,
720 4991 790 5062 quod
809 4990 899 5061 sopire
917 4989 1006 5040 conati
1024 4999 1099 5052 sunt,
1117 5005 1149 5041 co
1163 5007 1217 5040 sna·

400 5087 441 5154 gis
459 5081 644 5144 inflamment,
654 5089 681 5133 et
693 5079 756 5132 lieet
772 5091 963 5144 nonnunquam
980 5072 1107 5142 quaedam
1122 5074 1215 5126 boroni

386 5185 590 5238 ,ωιιςιιιιιιιιιι
608 5167 786 5224 enioluiucuti
805 5159 967 5224 exstiterint,
979 5159 1117 5214 innumera
1130 5170 1217 5213 tamen

400 5273 415 5310 ι
434 5255 542 5326 regione
559 5253 628 5307 mila
647 5242 970 5304 namurcensium
981 5241 1140 5298 dominicus
1153 5260 1219 5296 con·

401 5355 525 5398 ventunm
554 5340 668 5408 aliquot,
694 5337 740 5403 qni
765 5347 859 5384 ornnes
884 5327 1024 5382 sinistrum
1043 5327 1131 5380 militi
1156 5335 1219 5379 sunt

400 5433 516 5494 ιιιιιιιιιι,
535 5435 564 5478 ut
581 5419 707 5478 Induviei
725 5417 772 5470 xt.
790 5415 861 5484 segis
879 5413 1038 5476 Gilliie,et
1050 5409 1161 5462 Eeurioi
1175 5426 1218 5462 re·

400 5517 443 5584 qis
456 5513 581 5568 Cartiliae
594 5507 752 5576 reginaeque
766 5501 937 5570 strigoniae.
948 5497 1079 5552 Friderici
1095 5495 1142 5547 tlt.
1155 5494 1218 5548 Cae·

404 5599 488 5662 sarta,
506 5593 642 5650 etesius
663 5588 724 5643 Vll.
741 5587 812 5656 regis
829 5585 944 5638 Galliae·
961 5581 1052 5635 Ciroli
1075 5579 1217 5650 Burgundi

401 5699 426 5742 et
448 5682 556 5740 cernitis
577 5677 694 5734 Psiitini
711 5677 745 5732 ad
764 5675 896 5730 Rhenum.
915 5667 1033 5724 Edaiirdi
1053 5667 1163 5739 bngiiae
1175 5683 1219 5721 re-

1268 4897 1408 4968 quitudine
1426 4904 1518 4956 erant,
1535 4903 1568 4948 nt
1583 4891 1724 4947 brachium
1742 4889 1840 4960 aliquis
1857 4889 1917 4945 lise
1935 4891 2072 4948 insereret,

1269 4995 1371 5052 eritque
1390 4980 1419 5034 in
1436 4981 1501 5034 duas
1519 4990 1610 5051 partes
1629 4975 1739 5041 divisa,
1759 4973 1799 5028 sic
1816 4983 1847 5027 ut
1862 4973 1989 5030 transitus
2001 4975 2026 5026 in
2042 4972 2071 5021 at·

1269 5080 1392 5122 terutrarn
1407 5078 1507 5139 partem
1521 5066 1612 5119 nullus
1630 5072 1749 5135 pateret,
1761 5060 1934 5134 idqffiideo,
1946 5063 2006 5132 qnia
2018 5058 2070 5111 olim

1275 5154 1389 5206 transito
1407 5153 1494 5206 libero
1511 5148 1670 5203 interlectos
1688 5144 1739 5200 luit
1756 5147 1891 5201 iohannes
1919 5144 2069 5216 burgundos.

1266 5238 1411 5298 liceatne
1428 5234 1576 5289 budovieos
1593 5229 1640 5286 stt.
1658 5247 1680 5286 r.
1698 5229 1803 5284 Galliae
1814 5248 1877 5282 euni
1895 5247 1943 5283 suo
1967 5235 2071 5282 conirti·
2095 5273 2120 5316 m

1267 5325 1336 5389 bili,
1349 5341 1409 5376 eom
1421 5337 1476 5392 quo
1493 5317 1644 5374 simultates
1660 5313 1812 5380 exercebit,
1825 5314 1855 5366 iia
1868 5315 2023 5386 colloquia·
2034 5307 2070 5360 de

1268 5425 1429 5473 seensuros,
1446 5416 1555 5478 pontem
1573 5401 1647 5456 amni
1660 5401 1765 5454 cuidam
1785 5399 1887 5470 imponi
1899 5401 1988 5469 jussit,
2000 5397 2024 5450 in
2034 5408 2070 5446 en

1268 5501 1311 5568 jus
1330 5493 1420 5548 medio
1437 5492 1595 5547 emeellitae
1606 5485 1707 5544 lemeis
1720 5488 1853 5542 fenestrae
1870 5485 1967 5551 iactae,
1981 5495 2069 5538 erunt¹

1268 5582 1336 5654 spici
1355 5581 1423 5636 inter
1439 5572 1677 5654 ee‚e1audiriqee
1700 5573 1880 5643 colloquentes
1909 5572 2025 5644 possint,
2047 5567 2070 5620 l.

1273 5669 1370 5724 bemil.
1387 5665 1448 5720 ta'as.
1468 5661 1644 5719 ansiosi
1668 5669 1710 5716 ts·
1729 5655 1878 5714 landericus
1898 5655 2004 5724 Siortii,
2021 5655 2069 5709 tti-
2093 5657 2118 5708 ιι1
