4442 6308
397 287 449 364 ιιι
905 277 908 282 ’
973 287 1227 356 utsnursrmt.
1244 298 1361 356 estun
1378 297 1400 352 1.
1927 295 1981 364 ιιι

279 403 310 448 ιι
348 389 352 401 ”
384 389 496 462 Calpem
515 387 670 446 omissionis
687 388 804 446 incurrit
821 387 858 444 ll.
877 389 1020 456 vassallus,
1039 389 1162 445 sidorni·
1210 394 1336 446 vassallus
1353 410 1458 465 quoquo
1475 391 1555 447 modo
1569 389 1974 462 tenestnraverterepericulurn
1985 391 2032 446 do·

276 501 307 542 ss
347 491 410 532 num
430 477 532 531 tnacic
551 477 666 542 deseret,
689 473 955 529 hnton.ri.1.1it.b‚
977 475 1032 528 Du.
1051 475 1161 528 Prseses
1215 477 1300 544 mini,
1320 489 1346 532 et
1365 477 1805 550 hocomittendopeocutcnutrs
1825 473 1906 530 fidem
1924 477 2031 542 datam,

343 578 365 615 e.
386 573 429 615 ιι.
448 581 491 634 qu.
511 574 551 615 st.
571 561 642 632 quod
660 577 772 631 eousque
790 575 879 614 verum
897 567 956 625 est,
980 559 1086 614 etiamsi
1111 559 1158 612 do·
1212 573 1240 615 ut
1257 572 1368 633 appetet
1385 579 1418 616 ex
1432 562 1552 622 ,lormuls
1569 563 1713 631 juramenti
1731 559 1867 616 fidelitatis
1885 577 1964 632 quem
1989 577 2031 614 ts·

341 644 433 698 minus
450 643 525 698 feudi
543 661 576 698 ex
594 646 644 700 hnc
662 643 722 714 iuga
741 645 842 699 nullum
861 644 988 698 damnum
1008 646 1049 700 tel
1075 644 1159 699 detri-
1213 643 1266 698 lert
1279 645 1326 699 dn.
1346 647 1436 698 Praes.
1456 645 1483 700 in
1500 663 1592 700 etcum.
1600 645 1744 718 junfeud.
1755 665 1782 716 p.
1803 653 1863 700 ιιι.
1875 645 1927 699 idi:
1947 645 2032 701 Schn-

342 738 460 783 mentum
484 729 629 801 acceperit,
656 729 701 784 sed
727 731 785 801 ipse
813 728 993 784 nihilomiuus
1021 731 1106 784 victos
1127 745 1160 783 ex
1211 729 1264 782 den
1279 727 1338 784 und
1348 729 1621 788 Nachtlteittvarnen.
1635 731 1704 785 coni.
1717 741 1773 784 teu.
1787 740 1811 783 t.
1815 729 1897 800 fini.
1912 727 2030 803 tt·§.t.

343 811 401 865 scie
419 812 551 878 redierim
570 809 674 867 suflicit
693 813 783 880 eninr,
801 812 871 884 quod
891 813 947 885 peti
966 812 1092 865 demnnm
1116 830 1162 882 po·
1210 831 1281 868 vers.
1292 825 1445 884 praetereo.

342 897 447 952 luisset.
467 899 611 953 Schrader.
628 919 656 968 p.
676 913 700 954 ι.
718 918 741 954 e.
762 913 786 954 t.
806 919 835 956 n.
855 911 897 954 tt.
916 899 1043 954 dissentit
1062 902 1158 967 Zeup.
1246 899 1345 971 Culpae
1364 899 1520 955 omissionis
1538 915 1650 970 poenum
1669 897 1716 953 lv.
1735 914 1839 970 quoque
1858 896 1956 952 sentiet
1973 913 2027 950 ras·
2069 912 2103 955 ts

350 991 391 1034 tu.
409 999 438 1033 n.
461 993 503 1035 ιι.
523 982 575 1037 Sed
593 983 669 1054 prior
688 983 821 1036 sententia
840 983 910 1036 mihi
929 983 958 1035 in
978 991 1074 1053 puncto
1093 981 1161 1051 jerit
1212 988 1309 1054 sallus,
1332 989 1356 1042 si
1375 988 1516 1042 dominum
1535 1004 1611 1042 suum
1632 986 1729 1041 carceri
1750 987 1882 1039 inclusum
1902 983 2030 1039 nonlihe

344 1065 451 1120 videtur
470 1067 572 1132 verior,
593 1085 653 1120 cum
673 1068 738 1120 haec
759 1066 842 1138 luga,
861 1067 968 1121 etiamsi
986 1065 1090 1120 nemini
1116 1084 1161 1120 no·
1217 1073 1316 1126 raverit
1330 1111 1337 1137 ,
1350 1089 1410 1124 cum
1429 1072 1511 1125 sciret
1528 1083 1556 1126 et
1573 1081 1680 1142 posset,
1699 1071 1801 1138 Vultei.
1821 1069 1884 1124 diet.
1903 1087 1925 1122 c.
1944 1088 1973 1124 rt.
1988 1080 2031 1124 ιι.

342 1163 413 1216 cest,
431 1163 517 1206 temen
537 1153 574 1206 sit
591 1171 635 1206 res
653 1153 765 1224 pessimi
778 1151 1037 1224 exempli‚ideoque
1049 1151 1161 1222 puttlsn·
1212 1157 1289 1228 Quod
1308 1169 1396 1212 tsmen
1415 1150 2030 1226 accipiendumerit‚sidominnsiueritinio
2070 1161 2103 1203 ts

343 1236 397 1301 da,
416 1255 473 1306 urg.
492 1237 510 1290 i.
527 1239 554 1288 si
570 1241 628 1310 quis
643 1237 757 1310 aliquid.
777 1251 818 1292 ιι.
837 1235 861 1311 5.
887 1239 1050 1294 abortionis.
1067 1238 1109 1309 ff.
1127 1238 1162 1293 de
1214 1250 1255 1295 ste
1275 1244 1471 1308 incarceratus,
1488 1241 1627 1296 Boroholt.
1644 1243 1673 1296 d.
1689 1259 1710 1294 e.
1730 1253 1796 1293 tun.
1812 1249 1870 1293 stt.
1891 1238 2030 1294 Schrader.

340 1335 420 1387 poert.
439 1321 458 1372 l.
478 1332 501 1372 ι.
520 1327 542 1383 §.
563 1323 610 1373 rsit.
621 1320 663 1388 ff.
683 1320 720 1372 nd
737 1321 754 1374 i.
774 1339 853 1376 corn.
870 1322 904 1377 de
928 1324 1009 1376 secor.
1029 1323 1085 1376 ltno
1105 1339 1160 1378 vas·
1204 1325 1273 1397 fp.
1288 1338 1383 1398 tt.oop.
1399 1337 1422 1379 ι.
1438 1346 1465 1379 rr.
1481 1326 1619 1395 t.Vultej.
1637 1323 1699 1379 dict.
1718 1327 1736 1378 i.
1763 1324 1856 1394 ibique
1878 1325 1954 1396 alleg.
1972 1325 2033 1378 ct·-

346 1402 442 1455 saltum
462 1403 601 1455 dominum
622 1405 651 1456 in
670 1407 726 1456 acie
738 1405 968 1476 derelinquentem
979 1405 1087 1477 capituli
1100 1423 1162 1476 sup·
1213 1407 1533 1484 rust'n§.feudum.qu.
1555 1417 1644 1462 thu.
1666 1420 1689 1460 t.
1712 1408 1929 1462 Huneommods
1954 1407 2037 1464 retes-
2075 1411 2105 1452 ⁷⁵

339 1486 424 1554 plinio
441 1489 551 1558 insuper
570 1507 627 1541 esse
645 1487 835 1559 alliciendum,
853 1491 981 1544 existimo
999 1492 1061 1544 exi.
1079 1511 1161 1547 omne
1217 1506 1273 1561 tur,
1292 1497 1315 1549 si
1336 1495 1623 1550 vassallusdominnrn
1652 1494 1761 1564 inopem
1781 1511 1810 1546 ao
1831 1509 1956 1560 egenum,
1986 1509 2036 1565 pro

340 1568 516 1627 uterinus.
534 1575 557 1640 §.
576 1573 669 1643 quiin
690 1577 758 1630 asie.
767 1573 810 1645 ff.
827 1577 860 1628 de
877 1593 908 1628 re
921 1576 999 1630 milit.
1020 1586 1047 1628 et
1063 1593 1122 1647 erg.
1141 1578 1159 1629 t.
1210 1579 1333 1650 qualitate
1351 1579 1440 1644 leudi,
1458 1597 1512 1632 non
1532 1581 1597 1643 alut,
1616 1579 1757 1632 Schrader.
1770 1578 1868 1631 dicct.
1881 1597 1909 1630 n.
1927 1587 1967 1630 ιι.
1981 1578 2034 1632 An

344 1655 507 1724 t.§.tt.ff.
526 1657 586 1712 eod.
606 1657 689 1712 ntodo
710 1670 797 1713 temen
817 1659 943 1714 domiuus
962 1658 1078 1714 nondum
1104 1659 1159 1714 ius·
1213 1669 1266 1714 ton.
1285 1663 1352 1728 disp.
1356 1661 1386 1732 f
1404 1673 1443 1713 ιι.
1461 1663 1497 1713 th.
1522 1671 1546 1713 t.
1570 1661 1612 1712 lit.
1626 1661 1651 1712 d.
1677 1659 1850 1729 thuamris
1869 1659 2033 1714 contrarium
2072 1657 2103 1696 ’⁸

340 1737 379 1790 sit
396 1751 535 1808 mortuus,
554 1742 594 1796 vel
612 1743 749 1796 lethaliter
774 1746 940 1812 vulneratos,
968 1745 1107 1800 Schrader.
1131 1747 1158 1799 d.
1213 1747 1311 1798 sentius
1331 1747 1390 1798 Zas.
1410 1755 1436 1800 et
1452 1748 1553 1814 possim
1572 1744 1624 1798 aiii
1634 1741 1679 1796 dd.
1699 1752 1786 1797 temen
1806 1743 1950 1798 Schraderi
1975 1761 2033 1798 seu-

340 1823 359 1874 l.
378 1842 407 1876 n.
427 1833 469 1878 ts.
488 1825 591 1895 quando
611 1845 672 1880 vero
691 1827 817 1882 dominns
835 1828 941 1882 dicatur
958 1829 1093 1882 lethaliter
1106 1830 1161 1882 vul·
1211 1833 1293 1884 tentia
1315 1830 1554 1901 videturneqnior‚
1568 1829 1719 1884 etomninn
1731 1827 1913 1894 admittendae
1927 1841 1954 1883 st
1969 1847 2032 1898 pro·

338 1917 462 1974 necatus,
481 1909 510 1962 id
529 1911 736 1981 relinquendum
755 1912 856 1980 judicio
869 1911 1051 1976 medicorum,
1071 1929 1128 1981 arg.
1141 1912 1158 1963 i.
1201 1914 1303 1981 ‘butur,
1323 1925 1480 1986 argumento
1500 1915 1612 1968 deducto
1635 1936 1649 1968 s
1672 1915 1787 1978 liberto,
1813 1913 1859 1984 qui
1888 1913 2033 1966 Patronum

344 1993 435 2045 semel.
454 2011 477 2046 c·
496 1995 571 2048 ders
589 1993 667 2047 milit.
687 1997 727 2047 vel
754 1995 981 2046 vassallusetinnr
1012 1993 1105 2046 luisset
1130 1996 1160 2047 iu
1211 2013 1322 2064 egenum
1343 2000 1413 2050 alere
1432 1998 1545 2050 omnino
1565 2005 1694 2063 tenetur,
1713 1997 1870 2067 isiqut‘so
1889 1995 1990 2049 liberis.
2010 2010 2035 2048 e.

339 2079 443 2144 praelio
459 2079 611 2148 periturus,
629 2078 683 2130 nisi
703 2077 763 2144 luga
782 2076 835 2127 sibi
855 2076 1044 2129 consuluissetr
1064 2093 1157 2130 non-e·
1209 2081 1232 2146 §.
1246 2081 1343 2133 solent.
1357 2080 1413 2133 etl.
1421 2080 1476 2150 fin.
1485 2080 1528 2149 ff.
1543 2081 1575 2134 de
1589 2097 1700 2151 agnose.
1724 2089 1752 2134 et
1773 2079 1862 2134 erlend.
1883 2080 1959 2134 liier.
1980 2079 2035 2132 sid.

340 2162 399 2214 nim
417 2171 521 2214 tenetur
536 2162 661 2217 vesssllus
672 2197 680 2225 ,
700 2163 782 2214 vitem
801 2161 904 2214 domini
930 2164 1055 2233 propriae
1079 2165 1156 2218 saluti
1212 2163 1322 2217 Schrud.
1336 2163 1399 2218 dict.
1412 2164 1431 2215 i.
1446 2183 1474 2217 ιι.
1493 2176 1533 2219 ts.
1551 2165 1596 2218 ubi
1617 2165 1767 2219 rationibus
1785 2166 1854 2220 hano
1872 2166 2035 2218 sententiam

339 2264 370 2300 sc
389 2246 457 2300 vitre
476 2245 630 2318 praeferre,
650 2245 791 2300 Schrader:
804 2243 830 2298 d.
845 2246 865 2297 l.
878 2265 905 2300 n.
921 2255 963 2299 ιι.
975 2256 1002 2298 et
1014 2259 1056 2300 ιι.
1071 2249 1116 2304 ubi
1128 2251 1157 2303 in
1208 2244 1307 2299 firmat.

342 2349 412 2404 seqq.
429 2335 522 2404 piures
534 2331 644 2384 lt'mitot.
662 2331 788 2403 subjung.
809 2331 885 2384 Conl.
899 2332 965 2404 desp.
978 2333 1031 2386 llo.
1043 2333 1158 2407 preesid.
1246 2331 1370 2402 Denique
1385 2332 1418 2384 V.
1428 2341 1516 2401 peccat
1525 2334 1669 2398 vassallus,
1680 2333 1705 2386 si
1718 2333 1790 2389 iutra
1803 2333 1953 2404 legitimum
1974 2343 2038 2390 tern-

339 2415 374 2471 de
392 2417 513 2471 vassallo
532 2417 681 2473 desertore.
707 2416 760 2470 Sed
779 2415 844 2486 qnid
869 2415 1028 2485 dicendum,
1052 2417 1075 2470 si
1101 2433 1157 2474 vas·
1207 2433 1256 2487 pns
1275 2416 1476 2470 renovationem
1496 2417 1672 2472 investiturus
1689 2435 1743 2472 non
1770 2428 1856 2492 petet,
1883 2420 1984 2489 Vultej.
2005 2440 2032 2475 u.

340 2502 421 2553 sallus
440 2499 579 2554 dominnm
595 2501 694 2569 injuste
703 2499 903 2571 belligerantem
918 2499 1036 2558 desecati
1050 2512 1076 2554 et
1089 2517 1158 2572 resp.
1211 2513 1253 2556 ιι.
1271 2501 1342 2572 quod
1363 2511 1467 2572 ternpus
1486 2502 1669 2556 communiter
1686 2513 1729 2556 est
1741 2520 1827 2557 annus
1845 2512 1872 2556 et
1886 2501 1953 2568 dies,
1967 2507 2035 2558 Vul-

339 2585 407 2640 Eum
427 2585 477 2638 hoc
495 2603 574 2648 men,
592 2583 671 2638 tanto
700 2602 755 2638 non
780 2603 838 2638 esse
861 2585 1034 2656 prirsudum,
1061 2586 1158 2638 hoton.
1207 2589 1250 2658 tej.
1260 2587 1290 2657 f.
1306 2598 1399 2655 t.eop.
1415 2597 1439 2636 t.
1466 2605 1494 2638 n.
1517 2597 1561 2639 st.
1581 2585 1660 2655 Quod
1680 2595 1768 2639 temen
1786 2584 1935 2650 tinniturum
1954 2586 2035 2641 modo

340 2668 404 2722 dict.
422 2666 517 2738 disput.
536 2669 573 2720 th.
593 2677 617 2718 tt.
636 2667 674 2720 iit.
695 2668 719 2720 d.
740 2669 839 2737 Vultej.
858 2685 917 2736 cop.
939 2682 980 2723 ιι.
998 2687 1024 2719 ιι.
1048 2679 1088 2720 ιι.
1109 2669 1158 2722 lit·
1210 2671 1286 2724 dolus
1305 2670 1411 2724 vassalli
1431 2669 1518 2722 subsit
1536 2668 1659 2722 Menoch.
1685 2685 1761 2724 cons.
1783 2680 1844 2723 ιιι.
1870 2685 1899 2722 ιι.
1926 2677 1968 2721 st.
1993 2672 2035 2724 vel

340 2755 379 2808 tio
399 2752 479 2822 huius
497 2753 647 2823 assignatus
664 2751 694 2805 in
706 2770 765 2824 cop.
772 2750 922 2824 find-de
934 2749 1090 2807 consuetud.
1105 2751 1158 2805 sci·
1210 2757 1276 2810 alius
1305 2758 1403 2826 justam
1424 2769 1529 2808 censam
1550 2769 1603 2806 non
1622 2752 1721 2824 petitae
1740 2753 1918 2808 renovationis
1935 2753 2034 2824 allegu-

337 2839 420 2906 licet‚
437 2837 507 2908 quod
534 2837 713 2908 perseveratio
740 2839 770 2890 in
795 2837 911 2903 delictis,
940 2845 1073 2908 aggravet
1091 2833 1158 2890 ctett-
1210 2857 1238 2894 rs
1257 2857 1310 2893 non
1330 2840 1420 2910 possit.
1440 2839 1515 2909 Quae
1533 2856 1595 2892 vero
1613 2838 1670 2891 sint
1689 2837 1749 2891 illae
1767 2838 1852 2906 iustae
1866 2853 1968 2905 cnusse,
1986 2857 2035 2893 ex·

339 2933 420 2977 ctum.
438 2923 473 2975 Et
491 2941 504 2974 e
522 2931 627 2994 peccsto
647 2922 767 2992 muloque
785 2921 915 2992 peccandi
933 2925 1070 2995 proposito
1088 2920 1157 2974 desi·
1212 2925 1296 2996 plicat
1316 2923 1449 2979 Boroholt.
1468 2941 1492 2980 e.
1508 2934 1532 2975 ι.
1547 2941 1576 2976 n.
1590 2933 1613 2976 t.
1627 2937 1712 2994 usque
1724 2919 1765 2977 od
1775 2940 1804 2982 rt.
1818 2932 1864 2976 ιι.

342 3019 414 3062 stere
432 3005 569 3062 landabile
585 3018 640 3072 est,
658 3025 681 3061 c.
694 3006 723 3060 in
736 3005 963 3082 molisvpromissa
973 3024 996 3060 c.
1011 3006 1158 3078 unusqusi-
1245 3009 1277 3062 ln
1296 3019 1451 3062 extrsneurn
1479 3005 1601 3061 rnssellus
1628 3007 1734 3078 eulpam
1761 3003 1837 3058 leudi
1854 3003 2032 3076 privationem

339 3113 398 3164 qne.
426 3094 792 3164 etcmognoesopr'entioe.
819 3100 861 3144 ιι.
874 3099 975 3162 quaest.
1001 3099 1023 3140 ι.
1048 3087 1158 3143 Nototia
1211 3103 1360 3146 merentem
1378 3091 1543 3159 committit,
1561 3093 1584 3145 si
1603 3092 1643 3145 rel
1670 3090 1833 3160 majestatis,
1856 3091 1896 3145 vel
1920 3091 2033 3162 parrici-

339 3185 427 3231 tumen
448 3179 485 3230 sit
504 3177 636 3246 injustitia
653 3175 719 3229 belli
741 3191 881 3228 necessum
902 3183 957 3240 est,
977 3171 1108 3226 indubio
1132 3189 1160 3225 e·
1214 3174 1253 3229 dii
1275 3193 1336 3229 reus
1354 3174 1421 3242 liat,
1444 3185 1467 3226 t.
1475 3175 1506 3244 fi
1522 3187 1545 3227 ι.
1561 3182 1581 3238 ς.
1600 3175 1663 3228 item
1680 3173 1707 3226 si
1706 3174 1814 3245 frater.
1833 3175 1988 3245 Praecipue,
2007 3175 2032 3227 si

338 3263 394 3314 nitn
409 3260 732 3332 superiori,prsesertinr
745 3259 865 3330 principi
873 3257 1034 3331 ¹parendum.
1213 3261 1261 3313 hoo
1281 3271 1359 3331 pacto
1376 3256 1486 3310 lendum
1505 3257 1538 3310 nd
1557 3275 1585 3313 se
1604 3257 1749 3312 trsnsierre
1766 3257 1840 3321 relit,
1853 3269 1877 3310 t.
1885 3258 1915 3328 f·
1937 3269 1979 3311 ιι.
1993 3257 2033 3310 vel

378 3345 544 3399 omissionis
561 3344 654 3414 culpse
672 3344 720 3396 lll.
741 3359 802 3397 rens
820 3344 874 3398 erit
891 3343 1037 3409 vssssllus,
1056 3342 1078 3395 si
1099 3359 1159 3405 eos,
1210 3343 1303 3415 prodet
1320 3345 1511 3396 convsssallum
1530 3343 1594 3397 dict.
1607 3345 1727 3396 tenucui
1742 3343 1859 3398 incestus
1871 3343 1973 3397 crimen
1984 3343 2034 3396 elii

338 3429 384 3499 qui
401 3437 494 3482 contra
511 3427 649 3486 domiuum
668 3443 744 3481 suum
764 3427 968 3498 conspirarunt,
988 3444 1041 3480 non
1059 3425 1161 3480 indica-
1210 3433 1340 3500 jungunt,
1359 3428 1422 3482 lieet
1441 3437 1529 3481 textus
1556 3426 1669 3482 feudalis
1688 3425 1810 3494 deliciet,
1829 3427 1884 3484 rid.
1903 3426 2035 3480 tutnett.

342 3517 426 3578 verit,
445 3513 583 3566 Boroholt.
602 3531 661 3584 cop·
682 3524 706 3565 ι.
725 3531 754 3564 n.
775 3525 835 3566 tos.
856 3511 891 3564 lit
909 3513 1030 3583 quamvis
1049 3511 1082 3564 de
1103 3514 1162 3580 juve
1210 3529 1324 3584 srnopr.
1333 3512 1447 3583 seudut.
1462 3531 1527 3583 pag.
1548 3521 1608 3564 ιιι.
1627 3512 1773 3583 Supposita
1792 3522 1883 3565 tamen
1901 3510 2034 3566 bonorum

340 3599 415 3650 cirili
434 3615 513 3652 nemo
533 3605 656 3652 tenestur
674 3595 856 3662 denunciare,
875 3611 911 3651 ne
928 3595 1039 3667 quidem
1054 3596 1084 3648 in
1103 3595 1161 3648 toro
1211 3595 1417 3663 confiscatione,
1443 3613 1493 3668 per
1509 3595 1728 3664 consequentiam
1747 3611 1850 3666 quoque
1867 3591 1939 3646 laudi
1952 3594 2035 3646 amis·

342 3682 539 3746 suessionum,
558 3679 646 3736 Gloss.
664 3680 914 3752 intemperant.
929 3681 961 3735 de
976 3681 1095 3756 reg-jur.
1109 3681 1179 3734 ihi··
1213 3681 1253 3733 sio
1272 3680 1357 3733 locum
1383 3689 1490 3751 propter·
1516 3678 1647 3732 incestum
1672 3677 1818 3743 inveniret,
1848 3675 1958 3746 magnii.
1986 3679 2034 3728 dn.

341 3783 392 3836 qne
411 3767 508 3818 Decius
525 3784 557 3818 n.
578 3775 602 3818 t.
613 3775 731 3837 excepto
748 3765 865 3830 eri-mine
882 3767 969 3821 laesae
994 3767 1161 3835 majestatis,
1216 3763 1331 3817 Rhetius
1348 3773 1493 3818 comment.
1498 3761 1582 3834 siud.
1597 3761 1635 3816 od
1646 3761 1692 3816 lid.
1706 3771 1728 3815 t.
1741 3765 1782 3814 ιιι.
1798 3773 1856 3829 up.
1873 3771 1932 3814 ιιι.
1947 3777 1973 3812 n.
1989 3769 2013 3810 ι.

341 3852 359 3902 t.
372 3851 502 3921 numquis.
515 3851 538 3916 §.
552 3851 586 3904 id.
599 3850 681 3920 quod.
694 3849 762 3904 verb.
774 3850 938 3904 satellitibus
949 3848 1071 3902 consciis
1090 3865 1114 3901 c.
1126 3849 1163 3903 ud
1249 3848 1284 3901 Et
1302 3850 1367 3902 haec
1378 3849 1435 3921 ipsa
1454 3849 1570 3920 exempli
1589 3850 1646 3903 loeo
1665 3848 1787 3902 retulisse
1806 3843 1952 3901 sufficiant.
1966 3847 2031 3899 Pro·

344 3933 362 3984 i.
368 3933 424 4006 jul.
439 3934 546 4004 nroiest.
558 3935 593 3987 Et
609 3949 691 3987 essu.
708 3933 728 3984 i.
740 3943 838 3988 utrum.
854 3931 887 4002 ff
906 3929 946 3988 nd
957 3933 975 3985 l.
989 3931 1118 4003 Pompej.
1130 3933 1164 3986 de
1213 3949 1336 4001 petamus
1349 3933 1402 4001 jam
1422 3931 1454 3985 sd
1473 3932 1558 4002 ipsam
1578 3933 1671 4001 culpae
1695 3933 1897 3994 remissionem,
1923 3929 1956 3982 de
1979 3947 2032 3998 qua

340 4017 470 4087 parricid.
492 4019 632 4083 Attamen,
647 4020 708 4088 jore
728 4015 826 4071 lesdsll
842 4017 894 4071 hos
912 4015 1047 4086 singulare
1066 4024 1112 4082 est,
1132 4025 1163 4068 ιιι
1215 4016 1508 4101 grincipaliterugendi
1528 4015 1641 4072 intentio
1659 4023 1708 4069 est.
1728 4016 1773 4070 Sit
1790 4032 1853 4086 ergo

1011 4188 1262 4258 CAPUT
1309 4191 1354 4257 ll.

881 4393 952 4486 Qui
970 4389 1110 4484 sculpam
1136 4395 1310 4460 remittere
1330 4391 1480 4482 possint.

574 4622 599 4676 δ’
618 4621 647 4675 U
661 4621 698 4672 tl!
712 4619 747 4671 d!
760 4621 789 4675 A
807 4619 869 4672 ttr
886 4618 923 4668 A.
1210 4610 1353 4684 Respmrffi
1364 4610 1575 4682 siculposolurs
1589 4613 1979 4678 t'mperetorertenneernuen.
1991 4618 2032 4662 ιι.

1211 4703 1294 4753 tecue
1304 4697 1507 4752 sidelr'ctumsit
1519 4697 1692 4750 commorunt
1708 4703 1806 4748 contro
1823 4691 1908 4748 totius
1925 4694 2037 4762 imperii

342 4789 492 4845 Conneeio.
504 4807 531 4842 ιι.
548 4801 570 4842 ι.
1195 4817 1203 4830 .
1249 4782 1428 4836 securitatem.
1441 4799 1469 4833 n.
1484 4789 1525 4834 ιι.

341 4873 470 4928 Distinet.
480 4873 561 4942 seed.
574 4873 667 4941 impert
678 4887 707 4922 ιι.
721 4880 746 4922 t.
1214 4869 1325 4920 Asserti
1335 4865 1437 4920 ration.
1451 4883 1478 4917 n.
1495 4875 1537 4918 ιι.

346 4959 503 5024 Quaeritur,
517 4973 556 5010 on
573 4956 648 5008 sotus
671 4953 835 5026 irnperotor,
853 4953 882 5006 in
896 4953 987 5008 causis
1000 4948 1163 5022 feudalibus
1211 4955 1367 5023 Imperator
1378 4950 1486 5022 culpem
1496 4949 1567 5004 circu
1574 4947 1692 5020 seudum
1714 4947 1822 5015 imperii
1846 4945 1938 5014 trojus
1957 4963 2032 4999 cors-

374 5040 530 5110 prt'ucipum
542 5049 700 5112 cognoscots
721 5055 758 5092 an
777 5035 907 5092 adhibitis
932 5035 1046 5106 poribus
1068 5034 1160 5091 curias
1241 5037 1358 5090 missurn
1372 5035 1508 5090 remittere
1523 5043 1620 5106 potest.
1635 5051 1663 5086 n.
1681 5045 1721 5087 ts.

378 5125 552 5178 seustotidtst
560 5123 687 5194 imperii?
700 5141 728 5178 rt.
743 5135 767 5177 ι.
1213 5120 1355 5174 noturus.
1369 5139 1396 5173 rt.
1410 5129 1453 5174 tt.
1535 5131 1537 5138 ‘
1679 5111 1681 5117 ¹

342 5209 442 5279 Aliqui
451 5208 554 5283 affirm.
568 5228 596 5263 ιι.
611 5218 635 5261 ι.
771 5223 776 5228 ·
828 5225 830 5232 ·
1138 5241 1141 5248 .
1213 5203 1336 5259 Feudum
1356 5201 1397 5258 ud
1413 5201 1556 5275 imperium
1580 5215 1715 5256 rerersnrtr
1741 5198 1783 5254 nd
1805 5201 2034 5256 sustentationem

343 5294 406 5348 Atti
417 5305 527 5368 negant.
542 5313 569 5348 ιι.
586 5307 610 5347 ι.
1250 5285 1363 5358 Imperii
1374 5297 1401 5340 et
1413 5283 1590 5358 imperatoris
1602 5280 1805 5338 reservandum.
1815 5299 1844 5334 ιι.
1860 5293 1901 5336 ιι.

345 5381 489 5436 Deciditur
499 5380 632 5452 quaestio.
644 5395 670 5432 ru
691 5391 715 5432 ι.
729 5393 801 5448 seqq.
1210 5375 1241 5428 Si
1252 5375 1378 5430 delictum
1390 5372 1419 5426 in
1432 5373 1637 5446 imperatorem*
1648 5365 1824 5423 commissam
1848 5377 1875 5421 et
1899 5368 2034 5421 rossotlus

350 5466 440 5520 Verbo
452 5457 725 5537 capitulut.sud1'r'ntg.
741 5479 769 5515 rt.
791 5475 830 5513 ιιι.
1247 5461 1369 5514 nondum
1383 5461 1412 5511 in
1420 5459 1467 5528 J'ttt
1480 5467 1593 5514 nocetur
1605 5455 1756 5527 imperem
1764 5451 1840 5507 satus
1850 5451 1973 5521 gretiam
1980 5449 2035 5521 so·

344 5549 409 5601 Non
422 5561 516 5604 tomen
527 5547 583 5603 soli
593 5549 721 5602 electores
723 5543 855 5619 judicant.
867 5562 894 5596 n.
918 5554 957 5595 tt.
1249 5561 1308 5600 cere
1319 5542 1427 5612 poterit.
1441 5561 1467 5596 n.
1485 5551 1526 5595 te.

340 5635 468 5701 'Quaerit
479 5651 517 5686 ars
527 5632 603 5686 solus
615 5631 766 5700 imperator
767 5628 918 5698 filioniom
933 5647 951 5682 o
966 5625 1089 5694 ,principe
1101 5633 1161 5680 rar·
1212 5631 1294 5686 seem*
1303 5630 1328 5684 si
1336 5634 1387 5702 per
1396 5629 1558 5684 sementim
1569 5625 1692 5696 priestio·
1701 5621 1786 5694 sesdt'
1809 5621 1928 5678 swelle
1947 5622 2034 5678 »dictu

378 5715 449 5772 sotio
460 5715 632 5773 consmissom
642 5715 727 5786 possit
737 5713 894 5769 remittere?
906 5721 990 5766 mre.
1069 5729 1073 5742 ·
1249 5729 1288 5772 sa.
1308 5735 1336 5772 n.
1357 5725 1399 5770 to.
