4418 6266
450 308 502 372 listp
1011 301 1200 358 DlSPUTAT.
1220 301 1278 355 xit.
1297 299 1413 360 CAPUT
1428 301 1467 357 11.
1966 320 2011 374 pou

394 394 511 467 gegeben
530 391 578 460 ist,
596 391 722 464 quoniam
740 392 806 450 baec
824 405 907 450 2212222
928 415 942 449 2
960 395 1080 450 b'rehero
1100 397 1216 449 anilibus
1267 395 1365 451 iterum
1384 404 1541 452 constanter
1569 394 1713 453 insisteret
1735 385 1901 470 imperator,
1918 395 1960 451 ubi
1976 398 2054 454 1221222

395 478 493 531 fabulis
510 489 701 545 accensentur,
717 481 818 533 nullius
837 490 899 533 sunt
919 483 1065 548 momenti,
1084 481 1217 535 referente
1267 491 1337 536 tecto
1357 485 1443 553 cupite
1461 484 1562 552 reliqna
1583 482 1745 554 proferebat.
1765 484 1805 536 Ex
1824 502 1875 553 quo
1894 483 1985 552 colligit
1995 485 2055 538 112122

325 595 355 637 5,
397 562 487 616 Linrn.
506 559 532 616 1.
551 561 569 614 1.
588 569 616 615 21
634 563 740 617 1122221.
758 564 883 634 disputat.
899 577 922 616 2.
938 565 975 618 212.
996 577 1020 619 2.
1038 565 1137 618 Causae
1151 584 1214 635 quo·
1267 578 1373 634 auctor,
1392 568 1484 621 eadem
1502 567 1607 621 licentia
1628 565 1715 630 122212
1730 579 1803 636 parte
1820 565 1933 636 gaudere
1948 567 2057 638 principes

393 663 445 718 que
463 645 594 709 feudales,
612 645 682 718 quod
701 665 755 700 nou
773 648 805 701 ad
825 649 987 720 palatinum,
1007 649 1053 702 sed
1072 667 1150 721 pares
1168 663 1216 702 cu·
1267 669 1326 704 cum
1346 653 1514 706 electoribus.
1532 651 1697 722 imperatore
1714 667 1818 720 quoque
1835 657 1971 719 praesente
1987 656 2057 702 trese-
2079 669 2094 707 tt

395 733 452 786 2122
469 731 644 803 pertineant,
663 731 797 790 latissime
816 732 1122 805 defenditileinkingi.
1142 735 1174 790 12
1193 752 1215 788 2.
1268 737 1379 790 12222222
1398 735 1568 789 ecclesiastici
1584 771 1593 798 ‚
1609 746 1639 787 ut
1656 753 1688 787 en
1708 735 1794 801 major
1812 731 1942 800 maiestati
1953 732 2059 787 22222212

396 831 420 870 2.
432 827 459 871 22
473 838 496 872 c.
518 818 535 871 1.
560 828 584 870 t.
602 817 635 870 cl.
654 827 679 870 t.
699 833 723 871 2.
746 831 769 871 s.
791 837 818 871 n.
840 829 862 871 2.
880 837 951 891 seqq.
970 837 1029 873 cum
1048 839 1101 890 quo
1118 821 1217 876 confer.
1269 821 1321 885 sit,
1341 829 1404 873 ante
1423 837 1540 872 mensam
1558 817 1748 872 beneditiones
1766 824 1912 887 peragunt,
1931 817 2058 868 12221212-
2080 811 2095 848 '⁰
2118 839 2120 886 g

396 899 518 954 Limurl.
533 913 558 960 2.
568 917 591 955 2.
605 913 668 962 sar.
682 914 724 956 ts·
737 903 845 956 1122221.
859 905 884 956 1.
899 905 916 955 1.
931 906 969 956 212.
985 903 1115 976 e.'Neque
1129 924 1218 960 causas
1266 905 1335 974 gulis
1357 903 1451 957 diebus
1476 904 1630 968 alternent,
1648 912 1679 956 et
1697 901 1803 972 primus
1821 903 1847 954 is
1865 911 2012 964 censeatur,
2024 901 2059 971 qui

398 983 595 1058 depositionis,
613 984 718 1056 quando
737 987 882 1057 imperator
901 989 960 1042 tale‘
972 989 1039 1060 qnid
1059 991 1217 1059 cummisit,
1268 988 1370 1057 primus
1388 987 1619 1060 archi-episcopus
1638 997 1680 1040 est
1704 987 1817 1050 electus,
1834 1003 1860 1038 n.
1884 985 1909 1036 b·
1927 1001 1949 1037 c.
1967 985 2061 1050 2212.

399 1071 470 1139 qood
484 1071 836 1142 12221121222222222222221,
850 1072 971 1126 scierunt
983 1073 1015 1126 ad
1029 1076 1157 1144 judicium
1173 1095 1218 1148 pa·
1268 1076 1396 1148 insnjur.
1408 1073 1483 1143 2211.
1498 1074 1515 1124 1.
1532 1083 1553 1126 t.
1567 1073 1608 1124 212.
1623 1084 1648 1125 2.
1662 1079 1686 1135 1.
1706 1083 1729 1124 s.

397 1154 852 1220 latini,nanroruniumelectorum
871 1167 910 1210 est
930 1157 963 1211 de
981 1157 1031 1212 hoc
1049 1176 1215 1227 cognoscere.
1302 1161 1347 1212 Uti
1368 1160 1452 1228 igitur
1473 1157 1645 1229 imperatoris
1672 1154 1825 1227 praesentia
1846 1153 1876 1206 12
1895 1149 2061 1204 nonnullism
2082 1167 2095 1204 tt

395 1241 467 1292 liinc
480 1259 540 1294 cum
558 1240 761 1296 exauctorandos
774 1252 843 1296 esset
856 1243 1049 1308 wenceslaus,
1063 1245 1218 1298 seutentiam
1268 1243 1401 1314 quiritur,
1413 1243 1456 1297 122
1476 1258 1530 1295 nou
1548 1241 1759 1311 quibuscumque
1777 1236 1902 1291 minimis
1923 1235 1996 1287 rebus
2006 1251 2061 1305 pree·

395 1325 469 1377 dixit
485 1343 540 1380 non
556 1328 711 1397 palatinus,
738 1326 784 1380 aed
811 1325 920 1379 nomine
938 1325 1020 1379 totius
1038 1327 1144 1398 collegii
1165 1328 1218 1382 eie·
1269 1331 1382 1384 seutiam
1402 1345 1476 1381 suam
1495 1325 1873 1393 accommodat‚aedtautum
1887 1319 2062 1392 grauioribus

395 1411 502 1464 cturalis
515 1413 828 1480 moguntinustarnquam
842 1411 948 1479 collegii
961 1409 1087 1474 decanus,
1100 1413 1218 1466 Strauch.
1267 1414 1312 1485 qni
1333 1413 1443 1482 majoris
1467 1424 1530 1468 suut
1556 1411 1694 1468 momenti.
1715 1411 1761 1462 Sic
1778 1425 1812 1462 22
1830 1407 1991 1463 obseruantia
2008 1423 2060 1459 rena

396 1491 629 1550 11222221122222.
644 1507 668 1548 t.
681 1494 716 1546 21.
731 1503 755 1546 r.
767 1491 856 1564 infin·
868 1495 1041 1547 11222212.
1055 1495 1147 1546 1.1.1.
1161 1497 1219 1548 212.
1267 1507 1356 1569 ptum,
1374 1506 1403 1549 ut
1420 1494 1621 1568 principatuum
1642 1505 1669 1546 et
1686 1493 1829 1546 ducatuum
1843 1493 2011 1545 investituras·
2019 1501 2059 1544 222
2119 1487 2120 1534 ἐ

400 1593 423 1634 e.
436 1587 462 1629 22
481 1589 504 1628 2.
519 1576 625 1647 magnii
651 1576 697 1628 du.
717 1577 796 1630 tthet.
815 1577 879 1630 inst.
890 1578 952 1651 jur.
969 1576 1045 1649 pedi.
1061 1579 1086 1630 1.
1100 1577 1160 1650 l.§.
1176 1595 1219 1634 22.
1270 1589 1324 1632 tum
1344 1579 1491 1648 imperator
1510 1592 1639 1647 praesent
1659 1576 1687 1627 in
1707 1591 1818 1644 persona
1837 1572 1934 1635 122122,
1952 1573 2063 1625 comitate
2118 1547 2120 1618 i

398 1659 527 1729 Quemvis
545 1660 779 1731 autem-judicium
789 1660 850 1714 ¹hoc
867 1661 937 1733 qnod
949 1683 975 1715 o.
990 1663 1014 1713 1.
1027 1661 1054 1712 d.
1066 1663 1084 1714 1.
1102 1664 1219 1718 l'alatiuo
1270 1683 1314 1720 cru
1328 1683 1404 1730 uero,
1418 1665 1612 1730 buronatuurn‚
1625 1672 1653 1715 et
1666 1661 1781 1714 aliorum
1795 1659 1939 1714 feudorum
1957 1659 2064 1712 2221222222

402 1743 666 1810 tribuit,non'adeo
684 1748 721 1798 sit
740 1745 864 1815 frequens
890 1756 999 1817 propter
1015 1745 1154 1800 delectum
1177 1764 1220 1800 ea·
1268 1750 1355 1801 soluru
1373 1747 1571 1820 perjudicium
1591 1747 1726 1812 aulicum,
1750 1743 1838 1796 bimo.
1856 1739 1962 1816 adjus.
1982 1741 2065 1810 publi

327 941 360 986 10

398 1843 492 1892 snum,
510 1837 596 1880 tamen
610 1847 663 1883 non
677 1828 971 1881 indeindeauetudincm
984 1830 1083 1882 abiisse
1096 1831 1220 1900 colligen·
1272 1841 1295 1884 t.
1309 1851 1332 1888 c.
1346 1847 1370 1886 r.
1392 1853 1421 1885 n.
1434 1843 1476 1884 22.
1489 1833 1585 1902 Myler.
1598 1829 1625 1884 1.
1636 1832 1730 1902 prr'nc.
1746 1840 1772 1881 21
1783 1837 1844 1882 scat.
1855 1846 1884 1901 p.
1899 1838 1924 1879 2.
1935 1843 1959 1878 c.
1970 1836 2009 1878 21.
2019 1837 2066 1876 st

395 1914 474 1974 212221
495 1911 646 1964 referuntur
663 1911 739 1981 vulgo
752 1914 872 1980 exempla
887 1911 914 1964 iu
932 1911 1055 1983 idulpho
1072 1916 1218 1982 nassosico,
1271 1915 1398 1970 Schwed.
1412 1927 1475 1971 2222,
1491 1927 1511 1969 2.
1528 1933 1585 1986 cop.
1601 1909 2061 1988 25.2111212222122222212221221
2086 1935 2100 1972 ,1

395 2007 423 2049 22
444 1995 552 2052 ilberto
572 1999 592 2048 1.
609 2013 676 2066 quae
693 1998 767 2066 quasi
786 1995 984 2067 possessionem
998 1997 1076 2067 bujus
1093 2002 1161 2067 juris
1174 2021 1218 2072 pe·
1269 2002 1354 2072 palis,
1373 2005 1434 2055 2122
1448 1999 1601 2073 gejiirstete
1622 1997 1796 2071 Grcficlrffl,
1815 2007 1879 2050 tune
1896 1995 1969 2048 euim
1984 2005 2008 2046 et
2023 1997 2064 2063 ipre

396 2082 481 2134 latino
506 2084 681 2152 competentis
705 2081 854 2147 evincunt,
872 2081 948 2151 quod
966 2097 1029 2136 sero
1046 2087 1221 2154 perlongum
1269 2087 1415 2157 imperatur
1428 2085 1542 2140 2221222.
1557 2086 1654 2157 1111122
1676 2083 1702 2138 1.
1721 2083 1740 2134 1.
1758 2083 1803 2153 qui
1824 2079 2065 2148 22212121211111111

397 2173 509 2234 tempus
521 2183 574 2219 nou
586 2167 735 2218 exercuerit
753 2177 902 2236 mmpetens
920 2165 1088 2235 priuilegium
1108 2169 1219 2238 perinde
1268 2171 1423 2225 investitum
1437 2169 1526 2236 inisse,
1541 2170 1650 2222 nornine
1664 2165 1820 2239 principalis
1833 2165 1893 2228 sui,
1908 2163 1986 2217 [iocis
1998 2165 2066 2214 Wtr·

397 2249 469 2303 nibli
485 2253 626 2320 quicquam
652 2249 811 2304 detrimenti
840 2251 959 2322 patitur,
983 2269 1044 2305 narn
1068 2256 1218 2308 occasiones
1268 2257 1436 2324 tenbergici,
1457 2257 1491 2308 de
1507 2255 1631 2310 comitatu
1656 2250 1900 2323 mompelgardensi
1918 2267 1986 2303 anno
2009 2257 2065 2300 2222.

397 2335 516 2405 palatino
534 2336 601 2390 illud
620 2335 763 2390 exercendi
781 2333 942 2404 defuerunt,
960 2347 987 2390 et
1005 2337 1069 2390 inde
1087 2341 1216 2408 praescri·
1267 2341 1416 2411 etquidem
1436 2339 1468 2392 ab
1486 2340 1546 2410 ipso
1564 2339 1732 2410 imperatore.
1749 2335 1838 2390 eunuc
1851 2352 1937 2388 ouum
1950 2333 2063 2387 12222122
2085 2366 2100 2405 ,,

395 2421 455 2492 ptin
473 2439 527 2474 non
546 2421 623 2479 babet
640 2421 728 2476 locum
749 2423 878 2495 sarpuor.
892 2433 963 2493 122.
975 2433 1058 2477 court.
1074 2438 1097 2478 s.
1110 2426 1164 2496 def
1178 2437 1217 2480 re.
1266 2425 1339 2477 sulae
1352 2423 1414 2475 huic
1426 2421 1506 2492 capiti
1521 2431 1698 2476 annectemus.
1714 2423 1753 2474 dn
1770 2421 1828 2474 scil
1843 2421 2000 2492 imperatore
2008 2433 2063 2488 pras·

395 2515 487 2557 nutum
506 2506 578 2558 enirn
585 2505 676 2577 ,qood
690 2507 857 2560 nouralcnti
875 2523 953 2576 agere
971 2525 1026 2561 non
1043 2519 1219 2581 corrntprae·
1267 2517 1342 2560 sente
1358 2507 1387 2560 iu
1405 2506 1551 2559 territoriis
1570 2515 1686 2558 statuum
1706 2505 1814 2576 inrpcrii
1842 2503 1946 2556 tamdiu
1967 2504 2065 2574 quiesctt

396 2589 511 2660 oriptio,
518 2589 544 2642 1.
560 2600 584 2642 2
597 2597 620 2654 1.
637 2601 697 2644 t.c
711 2592 850 2646 2122221.
865 2599 968 2658 except.
1268 2605 1358 2644 conam
1376 2587 1596 2658 jurisdictioib't
1616 2590 1695 2643 sicuti
1715 2591 1756 2643 221
1774 2589 1879 2642 minore
1901 2586 2066 2640 2212222222

428 2663 666 2746 111211222222222212
683 2677 971 2774 praesenti'aomnibus
989 2679 1218 2733 uenerabilisesse
1269 2673 1427 2744 maiorisue
1456 2673 1514 2725 lune
1540 2671 1664 2727 obfuscat
1685 2673 1761 2745 quasi
1787 2693 1841 2728 uon
1859 2682 1970 2738 222222,
1983 2672 2015 2723 122
2033 2648 2103 2740 1222·Ι

399 2755 495 2820 debet,
513 2758 552 2812 ita
570 2759 650 2812 etiam
670 2759 728 2813 122·
721 2760 839 2831 tmperio
865 2771 977 2827 nostro,
997 2765 1020 2816 ri
1038 2781 1164 2835 praeseus
1183 2765 1220 2816 sit
1268 2772 1326 2809 2⁵⁵0
1349 2755 1476 2822 21121222,
1501 2773 1629 2828 2221212220
1656 2767 1686 2811 el
1712 2758 1831 2812 tunimo
1856 2759 1978 2814 0222221222
2004 2757 2069 2824 itii&

395 2843 568 2912 imperator·
559 2853 632 2898 anter
656 2853 741 2897 status
767 2845 889 2897 marimo
907 2845 1008 2900 honore
1025 2859 1053 2901 et
1071 2849 1219 2902 2222222212
1268 2840 1735 2910 12122222121222122121010.2221220222
1753 2839 2068 2914 2221121221221212222112

398 2934 533 2998 tamquam
552 2939 631 3000 caput
648 2946 662 2980 2
680 2929 791 2999 reliquis
810 2929 938 2983 membris
956 2931 1104 2986 decoratur.
1122 2933 1159 2987 lta
1179 2942 1218 2986 ta·
1267 2927 1390 2989 mittere,
1410 2943 1472 2995 ¹273·
1492 2925 1510 2978 ¹·
1530 2925 1677 2998 judicium.
1698 2925 1791 2998 11111-
1810 2927 1974 3001 1212121121.
1992 2922 2069 2980 Mis

396 3025 523 3078 men,ut
540 3015 573 3066 ab
592 3031 646 3066 ouo
665 3015 1219 3085 magisreuerentiaeaccipiat,quam·ab
1268 3008 1320 3078 ⁰ff·
1337 3019 1401 3062 rect.
1418 3009 1498 3078 proin
1517 3007 1578 3062 Cui
1598 3009 1776 3080 adstipulatur
1794 3015 1835 3080 jus
1854 3013 2070 3068 2222221222
2112 3031 2114 3040 ·

397 3099 497 3163 212222,
517 3109 594 3168 prout
609 3099 795 3170 cuiuscumque
807 3099 847 3152 rel
861 3101 1014 3165 status,rel
1028 3100 1169 3170 privilegia
1182 3098 1219 3152 12·
1271 3094 1392 3149 2211212
1414 3095 1457 3148 122
1480 3093 1580 3148 22212122
1603 3095 1685 3148 sende
1709 3094 1760 3148 der
1784 3095 1889 3166 tt'oru‘g.
1915 3093 2070 3160 kommhifl

396 3183 530 3246 2222,212
549 3183 622 3235 euim
641 3183 767 3236 electores
786 3183 938 3250 majoribus
957 3184 1070 3250 gandent
1089 3183 1219 3254 22222221-
1266 3177 1405 3231 2122111222
1428 3179 1483 3234 ulle
1506 3179 1632 3238 Gen'clrte
1649 3178 1788 3249 pedffnct,
1808 3182 1867 3234 und
1884 3199 1958 3235 measa
1974 3181 2017 3234 der
2033 3183 2071 3236 112

396 3267 497 3319 ueutiis
511 3275 538 3320 et
549 3267 697 3338 privilegiis
715 3283 780 3338 prae
791 3266 853 3319 aliis
875 3266 1044 3339 principibus
1062 3277 1090 3321 et
1108 3269 1217 3338 imperii
1267 3263 1413 3316 terrichter
1432 3283 1466 3316 22
1494 3262 1598 3318 21212222
1616 3265 1758 3330 intonen,
1776 3263 1849 3319 unde
1863 3266 1938 3320 forte
1955 3277 2030 3321 ortum
2044 3263 2071 3314 ti·

399 3349 528 3414 statibus,
546 3349 618 3402 iuter
637 3351 688 3404 alia
706 3361 794 3402 autem
813 3350 960 3416 electores,
981 3348 1085 3420 quando
1103 3350 1216 3421 impera.
1266 3343 1363 3408 212222,
1380 3343 1451 3416 qrrod
1470 3347 1629 3416 insperatore
1646 3345 1680 3398 ad
1699 3344 1768 3400 fines
1787 3347 1903 3417 alicujus
1920 3349 2069 3414 2121221222-
2092 3359 2106 3396 tt

398 3443 443 3485 tor
455 3434 554 3486 electus
573 3449 695 3505 praesens
707 3445 767 3501 est,
781 3433 810 3486 in
824 3435 899 3488 curia
916 3435 962 3488 ubi
982 3445 1042 3506 post
1060 3435 1216 3490 electionem
1265 3429 1464 3500 propinquante
1481 3432 1569 3484 clares
1588 3441 1728 3500 portarum
1742 3430 1796 3501 ipsi
1809 3431 1904 3485 offerri
1923 3431 2071 3487 sulcantis
2092 3467 2107 3506 ,,

397 3517 546 3569 2222121222
565 3527 717 3589 apparator,
738 3519 766 3571 in
784 3529 910 3588 cospectu
920 3529 949 3573 et
962 3521 1110 3590 praeseutia
1130 3519 1216 3591 impe·
1267 3531 1324 3567 rum
1344 3514 1406 3568 licet
1429 3515 1480 3567 hoc
1497 3513 1595 3585 priscis
1616 3514 1783 3586 temporibus
1803 3517 1841 3568 122
1858 3517 2072 3582 ο12112222212,2222

399 3600 497 3654 2212212
513 3602 647 3672 prandent
664 3603 712 3655 aub
736 3605 878 3669 uranisco,
897 3615 922 3657 et
938 3603 1053 3673 quilibet
1073 3599 1153 3656 solos'
1163 3603 1215 3658 sibi
1266 3598 1409 3654 inferiores
1423 3598 1605 3667 magistratus
1617 3615 1711 3652 ornnes
1722 3602 1868 3670 precariam
1883 3601 2072 3669 jurisdictiones

397 3695 494 3738 stratae
512 3701 618 3740 mensae
636 3687 757 3755 assidet,
777 3689 873 3758 reliqui
893 3697 981 3740 sotem
1002 3688 1137 3758 principes
1156 3698 1214 3741 tan·
1265 3685 1405 3749 baberent,
1424 3684 1504 3738 hodie
1523 3694 1611 3737 tamen
1623 3685 1837 3757 comprincipes
1855 3695 1887 3740 22
1907 3695 1990 3740 222222
2006 3685 2071 3752 inps·

396 3777 453 3822 tun
472 3786 565 3823 omues
583 3769 612 3821 in
631 3787 682 3823 noa
702 3787 791 3824 222222
807 3807 816 3837 ,
835 3772 872 3824 122
889 3780 919 3824 ut
935 3769 1106 3839 imperatoris
1125 3787 1215 3824 mensa
1266 3769 1302 3825 rii
1314 3787 1366 3821 nou
1379 3768 1495 3822 alienam
1506 3768 1546 3822 221
1560 3768 1667 3822 nornine
1684 3770 1878 3840 imperatoris,
1892 3769 1939 3826 aed
1961 3769 2071 3840 proprian

399 3853 496 3907 elatior
513 3853 550 3909 212
568 3854 669 3907 mensis
686 3855 848 3920 electorum,
864 3867 888 3907 e.
903 3853 1038 3923 gradibus,
1051 3872 1155 3909 rursum
1169 3854 1216 3907 lau·
1265 3863 1290 3907 et
1306 3853 1522 3925 patrimonialem
1547 3851 1572 3908 ri
1600 3853 1800 3924 superioritatis
1828 3855 1997 3908 territorialis
2015 3867 2072 3904 exet·

397 3955 459 3992 rurn
479 3955 585 3993 mensae
604 3937 690 3990 tribus
708 3937 823 4008 pedibus
851 3939 995 4006 elatiores,
1013 3956 1091 4009 quam
1112 3957 1218 3993 mensae
1265 3936 2071 4007 2222212212211221ο2222,211ο1222221222,11222,11222

397 4025 566 4095 principum,
587 4042 614 4077 n.
633 4023 658 4074 b.
676 4038 738 4090 cup.
759 4035 801 4076 ae.
820 4025 842 4090 §.
865 4035 887 4076 t.
909 4026 967 4076 line
985 4039 1092 4078 remex
1110 4025 1215 4077 moder·
1265 4021 1411 4092 imperator
1437 4021 1464 4074 iu
1491 4029 1608 4074 statuunt
1635 4022 1788 4076 territoriis
1816 4041 1945 4095 praesens
1963 4024 2071 4082 sumu

398 4107 651 4174 neconsuetudine,
669 4123 721 4160 non
742 4107 1112 4178 empliusobrerrutrrr.liaru
1127 4123 1218 4160 mensa
1266 4117 1401 4180 propterea
1427 4103 1605 4174 suspendatur
1629 4121 1725 4158 eorum
1752 4107 1930 4176 jurisdictio,
1956 4105 2020 4178 quod
2041 4119 2072 4155 22·

399 4195 569 4266 imperatoris
583 4203 683 4246 tautum
698 4191 784 4244 tribus
797 4191 909 4263 pedibus
922 4192 1018 4244 eleuata
1031 4201 1080 4254 cst,
1091 4201 1115 4244 et
1128 4207 1218 4242 mensa
1266 4205 1358 4260 presse
1371 4188 1399 4240 in
1413 4188 1441 4239 ll.
1455 4188 1564 4256 imperii
1584 4185 1839 4243 fundamentalibus
1859 4191 1974 4244 babetur
1986 4193 2012 4242 12
2024 4205 2069 4256 cup·

397 4281 552 4352 principum
567 4285 670 4331 tantum
689 4293 741 4329 uno
754 4276 822 4345 pede
841 4274 997 4345 depressior
1009 4281 1050 4326 221
1063 4291 1150 4326 mensa
1165 4273 1217 4325 ele·
1269 4273 1365 4330 Coreli
1379 4274 1413 4326 ss.
1425 4282 1477 4326 ers.
1491 4281 1513 4322 t.
1525 4271 1631 4324 serbis:
1647 4273 1702 4324 olen
1715 4288 1800 4326 omer
1811 4273 1870 4330 und
1882 4271 2070 4342 meerrniglicics
2094 4279 2107 4319 tt

397 4375 515 4428 ctorem,
532 4371 642 4418 testante
661 4361 830 4440 Spreugero,
846 4357 1032 4430 1122222211.
1050 4357 1068 4409 1.
1092 4370 1115 4411 2.
1134 4369 1217 4410 ets.
1269 4357 1387 4427 Eintrug
1404 4354 1677 4419 uudBeln'nderuia,
1696 4356 1759 4411 122222
1778 4357 1807 4408 in
1826 4353 2070 4428 copit.Ferdiuauii

399 4453 419 4510 1.
443 4447 654 4502 renidentem
680 4455 814 4518 praeterae
835 4443 1029 4515 inpraesentia
1049 4442 1217 4514 imperatoris
1270 4439 1306 4493 tt.
1321 4450 1373 4492 art.
1394 4452 1416 4492 e
1435 4448 1462 4491 22
1479 4441 1510 4490 r'n
1528 4437 1587 4491 ord
1605 4453 1672 4490 cnm.
1691 4457 1718 4507 p.
1739 4449 1764 4491 2.
1782 4442 1822 4491 222.
1846 4454 1870 4494 2.
1886 4456 1927 4506 pr.
1942 4441 2072 4500 2221221

398 4543 479 4604 caput
496 4540 605 4601 tegunt,
622 4529 694 4602 quod
718 4529 799 4583 etiem
820 4527 922 4581 iaciunt
947 4543 1039 4580 eorutn
1056 4524 1136 4594 legati
1157 4525 1214 4594 pri·
1269 4525 1327 4580 und
1340 4526 1496 4579 sollennes
1521 4521 1615 4593 Neque
1638 4523 1778 4576 concurrit
1803 4525 1947 4594 imperator
1966 4530 2071 4578 2222222
2093 4533 2107 4570 tt

398 4617 494 4679 2222211,
514 4618 625 4687 Spreug.
635 4615 834 4671 'inducemus
821 4609 930 4683 amperii
947 4621 1010 4665 2222.
1033 4621 1071 4663 ts.
1091 4620 1117 4663 et
1135 4625 1169 4661 22
1186 4627 1218 4662 eo
1268 4609 1366 4664 tibus'
1358 4608 1475 4678 imperii
1494 4605 1524 4660 in
1543 4605 1685 4678 qualibet'
1678 4608 1823 4672 instantia,
1842 4609 1975 4680 siquidem
1994 4609 2070 4660 onusti·

399 4697 595 4770 Schwederp.
619 4697 946 4771 2222.2222.2.2.2.1.
974 4707 1014 4751 tu·
1038 4693 1107 4766 qood
1131 4693 1165 4747 de
1182 4695 1220 4746 le·
1269 4691 1444 4748 tutiouibus'
1436 4692 1547 4760 imperii
1569 4701 1673 4745 cautum
1683 4702 1743 4758 est,
1768 4691 1891 4746 subditos
1913 4703 2022 4747 statuum
2039 4707 2069 4740 nr-

397 4784 464 4850 22212
482 4784 644 4854 reliquorum
669 4781 824 4854 principum
849 4797 902 4836 nou
928 4781 1065 4850 reperitur.
1086 4781 1125 4831 De
1144 4779 1221 4850 prin·
1269 4775 1385 4831 dinariis
1402 4776 1513 4848 judiciis
1536 4777 1744 4848 relinquendos,
1772 4795 1822 4830 nec
1845 4780 1992 4833 evocandos
2012 4793 2068 4832 esse.

400 4865 505 4936 cipibus
530 4877 618 4919 tamen
642 4867 730 4936 ipsis,
755 4865 825 4936 quod
848 4865 929 4918 ctiam
949 4865 977 4916 in
996 4864 1147 4934 praesentia
1165 4863 1218 4914 im·
1269 4863 1328 4914 ord.
1346 4878 1418 4916 cam.
1437 4861 1471 4914 12
1481 4877 1563 4914 anno
1586 4870 1663 4913 1222.
1681 4861 1755 4914 rubr.
1775 4861 1828 4916 Die
1851 4859 2065 4918 [luter-tironensi

398 4950 530 5024 putatoris
553 4961 642 5022 caput
654 4960 758 5020 tegant,
787 4959 899 5002 testatur
923 4948 992 5002 Eitel
1010 4947 1148 5001 Friedrich
1167 4964 1216 5002 ron
1269 4943 1347 5000 1122222
1378 4945 1569 4999 ordeutliclren
1593 4921 1736 4998 Gericliten
1763 4944 1867 4999 bleiben
1886 4941 2068 5001 2212222211

400 5033 570 5088 1122212212
582 5032 632 5088 der
649 5031 842 5087 Graeci-Ferte
855 5033 902 5086 des
913 5033 1039 5102 Hciir'gw
1052 5032 1217 5088 Iidmisclreu
1269 5031 1339 5084 dictu
1357 5030 1419 5083 ord.
1437 5045 1506 5084 cam.
1526 5029 1567 5082 212.
1589 5041 1610 5084 t.
1627 5046 1668 5099 pr.
1683 5039 1710 5081 et
1722 5029 1763 5082 tit.
1783 5044 1806 5084 s.
1826 5029 1890 5084 irem
1903 5032 1945 5084 212.
1959 5043 1982 5083 2.
1993 5033 2013 5098 1.
2030 5030 2066 5078 112

403 5119 503 5174 Reicies
518 5138 544 5189 p.
569 5128 592 5171 t.
610 5137 633 5171 c.
649 5129 676 5176 'u-
693 5137 756 5189 pag.
777 5129 819 5172 22.
839 5117 893 5170 1121
914 5127 1033 5172 recenset
1056 5119 1167 5173 curialia
1186 5121 1215 5172 in
1267 5113 1557 5169 212121222221221222.
1572 5113 1626 5167 rid.
1640 5115 1833 5184 lieinltiuglt.i.
1847 5131 1870 5169 t.
1887 5117 1921 5171 cl.
1937 5129 1960 5170 2.
1971 5136 1991 5172 e
2008 5129 2068 5178 2222

399 5204 535 5275 eujusdam
554 5203 687 5277 principis
707 5203 842 5258 audientia
860 5217 946 5258 coram
966 5220 1067 5257 caesare
1085 5205 1216 5271 adhibita,
1262 5211 1311 5255 222.
1326 5199 1416 5252 Limu.
1430 5199 1462 5251 de
1466 5216 1494 5272 J
1504 5219 1530 5267 ρ.
1542 5199 1559 5253 1.
1572 5209 1596 5252 t,
1609 5217 1633 5253 c.
1646 5212 1670 5253 e.
1684 5218 1712 5252 n.
1730 5210 1786 5252 tat.
1800 5203 1895 5270 Myler.
1907 5203 2069 5272 1221221222

400 5291 462 5354 ubi,
475 5307 534 5345 cum
553 5292 600 5344 ille
618 5292 744 5362 princeps
762 5289 795 5342 ad
814 5289 960 5343 testandam
982 5291 1154 5344 reuerentiam
1169 5307 1218 5341 nu
1268 5295 1331 5338 etet.
1324 5285 1486 5355 d'mpern'p.
1502 5293 1523 5335 t.
1539 5301 1563 5336 c.
1578 5293 1616 5335 tt.
1631 5303 1659 5338 n.
1674 5295 1714 5336 22.
1727 5296 1807 5338 2222.
1821 5286 1985 5342 8212222112
1998 5289 2065 5338 turm

399 5377 541 5449 decapite
566 5393 643 5432 anum
669 5375 831 5430 desiderium
858 5376 1014 5446 imperatori
1034 5385 1215 5445 proponeret,
1266 5375 1338 5427 1222.
1350 5371 1446 5446 adjus·
1440 5371 1531 5438 .2211.
1543 5379 1615 5440 port.
1627 5371 1743 5456 speciqli
1757 5383 1818 5426 2222.
1835 5383 1858 5425 2.
1869 5391 1929 5445 cup.
1946 5385 1985 5427 tn.
1996 5379 2046 5435 §.n

398 5465 459 5535 rpse
475 5463 623 5533 imperator
641 5462 760 5532 rogauit,
779 5473 807 5514 ut
826 5472 904 5532 caput
922 5467 1037 5529 tegeret,
1056 5471 1143 5514 tamen
1158 5458 1213 5522 rlle
1298 5455 1539 5512 Potuissentadhue
1550 5455 1624 5524 pltrra
1635 5455 1668 5508 de
1679 5440 2067 5530 praesentiarmperatnnsaddt
2119 5511 2120 5520 ,

398 5555 429 5602 ut
447 5565 477 5602 eo
495 5549 579 5620 magis
598 5549 683 5602 honor
701 5548 869 5619 imperatoris
888 5546 1083 5608 innotesceret,
1101 5561 1155 5597 non
1174 5563 1214 5598 sn·
1266 5544 1300 5608 ci,
1316 5561 1403 5599 rerum
1415 5558 1735 5614 quoniameanraxtruaru
1748 5555 1849 5612 partem
1861 5543 1967 5597 seerrca
1980 5551 2066 5595 corrttu
2119 5529 2120 5540 ¹

397 5641 453 5693 lum
473 5637 543 5691 nudo
561 5638 650 5707 capite
667 5645 695 5691 et
713 5635 832 5690 detracto
850 5633 919 5705 pileo
937 5629 1148 5704 propositionem
1169 5631 1213 5684 in·
1265 5629 1399 5696 offerunt,
1415 5627 1527 5698 ideoque
1539 5643 1568 5680 ea
1587 5625 1715 5698 incapite
1733 5628 1780 5682 tv.
1798 5628 1845 5681 ubi
1856 5623 2051 5698 depraesentia
2045 5637 2064 5674 u

398 5722 524 5787 cboarit,
544 5721 588 5775 sed
607 5731 634 5775 et
652 5738 682 5775 eo
701 5719 779 5774 modo
805 5718 905 5773 tamdiu
925 5716 1105 5781 continuarit,
1126 5716 1208 5771 donec
1267 5712 1386 5768 comitiis
1405 5709 1536 5780 agendum
1556 5708 1627 5775 erit,
1647 5708 1732 5762 fusius
1755 5709 1939 5767 deducentur.
