4402 6284
128 5852 195 5872 Α

369 309 400 363 v.
754 343 759 355 ,
931 289 1123 352 orsmaro.
1143 285 1165 342 t.
1185 289 1307 348 error
1326 289 1362 347 ιι.
1792 314 1794 322 ·
1908 301 1943 342 20

311 389 375 444 inde
393 390 562 446 Veneriorum
581 390 668 464 regis,
693 410 724 447 sc
751 391 832 447 slmul
857 409 888 444 eo
912 389 993 444 totius
1013 391 1129 445 nationis

241 471 275 518 '⁴¹
314 478 486 528 Veneriorum
506 477 534 528 in
561 478 678 532 lllsrrltia
704 485 824 547 coeptam
852 473 954 538 lerunt,
981 473 1127 542 symbolum

313 559 432 612 militare
452 560 547 614 titisse:
567 563 655 626 Adel,
676 563 762 625 Edel,
782 560 847 630 Is’yd
864 559 940 619 1ιιι14,·
952 558 1075 626 certatque
1089 559 1129 611 vel

320 644 405 694 solum
426 643 476 696 huc
495 645 521 695 in
541 645 654 714 pluriam
680 644 830 698 nobilitatis
854 642 949 707 hujus,
968 642 1037 709 44441
1058 644 1131 695 nullo

311 733 433 794 tempore
453 736 505 778 tam
527 744 665 780 numerosa
676 739 768 781 ¹ereata
780 729 893 796 legatur,
907 735 933 778 et
952 726 1131 778 nihilominus

227 801 232 806 ⁵
317 811 350 884 sd
371 821 461 862 nostra
482 821 599 880 tempore
619 811 807 864 4144441444144
824 811 916 864 Utierc
928 807 1030 861 theut
1044 807 1128 860 Krau-

313 893 362 946 1411
377 894 505 946 sueonia
517 891 654 961 referebat
671 895 717 945 4144.
737 895 880 946 Becmaou.
892 893 1004 947 disocus.
1018 892 1131 946 4413141-

314 977 382 1030 4144.
392 978 425 1029 414
437 979 489 1030 IV.
509 979 657 1031 1144444414.
673 977 703 1029 in
721 977 787 1031 4144
803 976 921 1032 11444141
939 975 1080 1038 1444444144
1094 975 1131 1027 14-

314 1061 355 1110 414
375 1059 453 1126 ltujos
478 1060 515 1112 rei
528 1064 615 1113 etiarn
640 1077 671 1114 es
692 1072 766 1129 parte
790 1059 954 1113 mentionem
975 1059 1132 1128 Wullgang.

314 1144 403 1198 141444.
422 1145 450 1196 iu
472 1145 520 1196 der
537 1145 650 1198 kurteen
669 1145 871 1216 Besctrettunp
887 1145 936 1197 der
953 1145 1032 1197 Sturii
1044 1144 1134 1196 Faun-

244 1251 246 1254 ·
315 1225 407 1296 cksurt
425 1249 462 1282 un
483 1230 533 1282 tier
546 1230 666 1293 Oder,c.
687 1239 711 1282 4.
729 1247 757 1282 ιι.
776 1239 801 1281 4.
822 1231 985 1298 Quamquam
1004 1226 1131 1296 qrtaedam

317 1309 437 1365 familiae
463 1312 532 1378 sint,
550 1312 587 1366 nti
613 1312 818 1378 Bredaviorum,
845 1313 1132 1380 Sohulenhorgiurum,

314 1409 364 1450 etc.
383 1409 431 1449 etc.
449 1398 496 1466 qui
517 1398 583 1448 ultra
603 1413 694 1452 novem
715 1399 800 1450 secula
815 1397 864 1450 ,bic
882 1397 911 1448 in
925 1395 1047 1448 lilarcbia
1066 1395 1134 1446 lares

313 1494 376 1532 suos
394 1475 488 1531 1141444
507 1481 615 1548 gloriari
637 1491 757 1550 possunt.
785 1481 860 1533 Aliae
879 1479 1058 1550 praetendunt
1077 1477 1132 1546 pri·

316 1563 413 1629 vilegis
433 1574 458 1614 44
478 1565 703 1632 praerogativam,
722 1580 789 1633 quae
814 1562 917 1616 nobiles
936 1562 1082 1614 immediati
1101 1560 1133 1612 ad

318 1644 442 1698 Rhenum
458 1647 568 1709 babent,
584 1646 664 1712 iude,
682 1647 752 1718 quod
770 1647 878 1699 exiliis
902 1645 1012 1697 oriundi
1023 1646 1086 1700 buc
1105 1663 1132 1698 se

316 1731 526 1799 pervenisse,.et
539 1731 663 1784 domuum
681 1749 789 1784 suarum
815 1731 956 1801 privilegia
982 1732 1062 1782 simul
1082 1729 1134 1782 hnc

315 1813 499 1875 transtulisse,
518 1813 618 1867 dicant.
638 1816 692 1867 Alii
711 1836 725 1869 a
743 1815 876 1870 Ludnvioo
894 1833 1005 1868 romano
1026 1815 1134 1883 pririle·

317 1897 360 1961 pia
380 1895 517 1960 derivant,
536 1899 664 1968 inprimis
681 1900 750 1969 quod
776 1899 805 1952 iu
832 1899 954 1950 blacchia
972 1899 1136 1966 antiquiores

314 1980 438 2036 1444411144
456 2001 485 2035 44
503 1986 621 2038 scribere
638 1998 733 2054 queant
745 1987 857 2054 equites.
878 1986 939 2038 Viri.
954 1985 1070 2056 magny.
1088 1987 1134 2040 dn.

320 2067 434 2120 itherius
452 2069 480 2120 in
501 2081 556 2122 not.
575 2071 613 2122 4441
630 2071 799 2124 Brnutlocbt·
814 2069 963 2140 jurisprud.
979 2069 1053 2136 parit.
1070 2069 1091 2122 1.
1112 2079 1133 2122 4.

246 2140 280 2194 11
318 2167 339 2203 c.
361 2162 387 2201 4.
406 2169 433 2204 ιι.
455 2163 499 2202 44.
515 2151 609 2206 Putant
621 2153 742 2206 nonnulli
755 2162 783 2203 44
795 2153 963 2204 stultilitstem
983 2153 1133 2203 saxonicam

317 2234 432 2286 Renrici
449 2237 563 2302 Aucupis
580 2246 691 2288 aetatem
710 2255 763 2290 nou
783 2237 925 2294 excedere.
941 2237 972 2286 de
985 2253 1037 2302 quo
1049 2245 1134 2286 tamen

318 2317 370 2370 4141.
392 2318 508 2388 maguis.
521 2320 567 2370 414.
580 2320 705 2373 libetius·
716 2319 744 2371 144
757 2328 900 2373 comment.
912 2326 949 2370 od
961 2316 1133 2388 jusseudol.

316 2419 346 2472 p.
366 2414 407 2453 44.
426 2421 453 2455 ιι.
475 2412 496 2455 4.

247 2503 278 2546 tt
354 2487 405 2538 Sed
426 2489 503 2552 liujus
522 2485 672 2540 nobilitatis
691 2498 871 2540 4444444444
896 2486 1004 2546 classis·,
1025 2485 1128 2536 diversa

314 2571 399 2620 etiam
417 2570 492 2634 jura,
512 2570 657 2621 rationibus
678 2571 881 2637 uniuscujusque
900 2587 961 2638 prov
976 2571 1063 2626 nciae,
1083 2568 1133 2617 alia

249 2681 279 2723 43
321 2663 399 2720 atque
417 2653 468 2704 alis
488 2651 645 2704 serentibus.
663 2651 727 2705 Nota
746 2664 787 2706 est
804 2653 944 2704 distinctio
963 2650 1133 2720 414ιὸ4144ξῇ-

314 2745 437 2800 mersen,
455 2753 502 2788 seu
521 2737 776 2805 Cancelleysossen,
796 2751 823 2788 er
848 2740 1040 2802 Amprrussen.
1062 2739 1135 2807 Quo-

317 2835 376 2870 rum
396 2819 423 2871 bi
452 2836 541 2871 eoram
567 2819 756 2889 praefectis,a
781 2819 914 2889 toparchis
934 2819 962 2870 iu
989 2821 1016 2883 ju
1048 2823 1133 2873 curari

247 2926 278 2970 ⁴⁹
316 2917 437 2976 possunt.
459 2907 497 2958 tte
514 2905 619 2974 origine
637 2904 804 2958 discriminis
824 2906 900 2972 brrjus
917 2905 998 2957 44414.
1010 2904 1134 2956 Knicben

317 2993 469 3055 existimat,
484 2991 511 3040 id
531 2991 683 3059 principum
704 2989 886 3042 destinatione
897 2989 1030 3058 coepisses
1046 2992 1134 3060 prisco

317 3077 448 3144 siquidem
468 3093 529 3128 sevo
542 3085 581 3128 tot
600 3075 710 3127 hosticis
728 3076 925 3128 incursionibus
943 3089 967 3129 et
985 3073 1132 3130 diffidatio-

318 3163 397 3212 nihus
421 3161 623 3232 pullulantibus,
646 3157 803 3228 perfecturis
824 3169 881 3210 erat
906 3159 1123 3228 prospiciendum

315 3265 366 3317 pro
391 3263 418 3296 re
442 3257 518 3308 nate,
535 3254 567 3294 ut
591 3243 693 3294 nobiles
716 3242 749 3294 ad
774 3243 977 3318 requisitionem
1005 3245 1131 3314 praelecti

316 3340 509 3386 succurrerent.
526 3331 560 3382 de
578 3328 676 3380 invest.
693 3347 718 3397 p.
739 3337 763 3378 4.
781 3345 805 3380 e.
818 3341 842 3380 4.
856 3346 882 3379 ιι.
899 3339 923 3380 s.
943 3340 967 3379 4.
989 3328 1129 3381 Rationem

317 3435 331 3469 a
352 3415 468 3486 praediis
485 3425 618 3482 sumptam
639 3413 697 3465 ideo
718 3412 867 3481 improbat,
880 3411 950 3481 quod
971 3410 1131 3482 144444444-

317 3502 378 3563 dia,
396 3519 461 3569 quiue
481 3498 632 3569 possident,
650 3497 715 3548 olim
735 3495 835 3549 iueriut
862 3497 971 3559 rustica,
990 3514 1072 3566 eoque
1091 3518 1133 3552 ar·

317 3598 443 3656 patrneutn
456 3583 570 3636 mediate
582 3581 734 3634 subdantur.
746 3580 813 3631 Nasu
828 3591 854 3631 44
868 3581 895 3630 iu
910 3580 970 3632 aliis
989 3581 1066 3632 bouis
1086 3601 1132 3635 no-

318 3671 422 3723 bilitate
441 3667 519 3721 veluti
538 3667 571 3718 ab
589 3684 651 3717 aevo
670 3665 777 3716 41444414
796 3663 866 3714 idern
885 3665 999 3718 obtinet.
1019 3665 1132 3719 interim

318 3752 467 3824 smptsassii
482 3752 601 3802 videntur
620 3747 770 3801 ttthuttiort
790 3751 900 3800 caeteris
918 3751 1075 3802 conditione
1094 3769 1136 3806 es-

319 3854 362 3900 se,
384 3849 438 3888 tum
460 3835 528 3904 qrtod
549 3852 600 3886 444
622 3843 723 3886 tantum
743 3834 774 3884 ad
796 3833 913 3896 domiui,
935 3834 979 3886 sed
999 3835 1080 3888 etiam
1099 3836 1133 3889 ad

318 3922 446 3994 praelecti
466 3921 521 3972 4144
537 3918 700 3989 qrraestoris,
718 3915 763 3984 qui
790 3917 858 3986 ipsis
882 3927 999 3986 praeest,
1019 3921 1133 3988 requisi·

319 4011 419 4058 tionem
440 4021 595 4073 comperero
612 4014 638 4054 et
657 4001 757 4054 servire
781 4011 935 4064 teneantur,
955 4011 1010 4054 tum
1037 4004 1065 4055 iu
1085 4022 1131 4070 eo,

319 4094 390 4162 quod
413 4090 590 4142 immobilium
612 4087 743 4156 possessio
760 4102 804 4138 444
822 4105 834 4134 ιι
855 4086 1027 4136 satisdatione
1045 4087 1073 4138 in
1091 4105 1134 4140 cu·

319 4179 433 4230 cialibus
452 4174 560 4242 judiciis
579 4173 643 4242 stylo
660 4188 751 4223 eurum
778 4169 804 4220 id
824 4167 978 4236 flagitante,
997 4185 1049 4220 uon
1068 4172 1133 4224 rele-

318 4273 369 4318 vet.
389 4260 446 4314 add.
468 4260 592 4314 Webuer
610 4259 714 4313 obteru.
739 4274 800 4310 voc.
828 4259 1017 4320 Amptsnrsers.
1035 4256 1134 4311 illustr.

319 4348 365 4399 du.
384 4367 396 4398 a
418 4342 583 4400 seclenduri
598 4343 636 4393 im
659 4343 808 4396 Teutsclren
832 4340 1044 4392 Furtumne.
1060 4361 1087 4408 p.
1110 4355 1132 4394 t.

318 4451 342 4484 4.
362 4442 387 4481 4.
407 4450 434 4482 ιι.
457 4441 480 4478 4.
499 4427 545 4478 ctu.
565 4426 708 4477 Brcrnauu.
727 4421 868 4489 uoudiffl.
888 4423 1069 4477 unnedica.
1092 4437 1131 4479 41.

249 4539 278 4581 it
319 4536 341 4569 4.
364 4529 385 4566 4.
406 4533 433 4566 ιι.
455 4525 495 4566 44.
517 4512 573 4564 Atta
593 4509 743 4562 differentia
762 4521 800 4562 est
825 4510 1013 4574 vassallorum,
1033 4522 1060 4564 ut
1077 4529 1133 4564 ana·

315 4604 390 4656 xime
410 4601 437 4650 iu
452 4597 607 4658 Fraucuuiu,
622 4595 668 4648 ubi
685 4593 733 4651 alii
752 4603 812 4645 sunt
825 4594 990 4657 Lelmleute,
1002 4593 1057 4648 4111
1065 4609 1132 4646 vern

319 4687 504 4740 1441444444.
522 4683 556 4732 lli
569 4679 711 4732 deterioris
730 4688 789 4730 suut
803 4677 983 4737 cosiditiouis,
993 4695 1071 4744 quum
1083 4678 1133 4730 illi.

248 4787 278 4829 44
317 4771 384 4823 liam
406 4769 447 4820 die
467 4766 614 4820 Lelrnleute
638 4780 726 4816 curam
751 4760 860 4812 dontiun
884 4777 938 4812 iton
959 4759 1013 4812 nisi
1030 4761 1135 4814 ratione

319 4870 453 4906 carnarum
475 4849 616 4902 feudalium
631 4854 800 4913 comparent:
813 4843 840 4894 iu
853 4843 915 4894 aliis
928 4843 1014 4894 causis
1035 4843 1132 4897 habeut

320 4941 385 4991 41144
405 4937 504 5006 pulices
524 4933 685 5000 singulares,
705 4929 744 4980 vel
768 4927 895 4994 judicium
915 4927 1080 4992 musileum,
1095 4928 1134 4980 vel

249 5040 281 5084 ss
317 5025 392 5077 alios.
407 5023 440 5072 lt
452 5022 494 5073 4114
506 5019 680 5072 Lcetdrasseu
695 5011 879 5065 indifferenter
896 5013 998 5064 ratioue
1013 5015 1133 5066 omnium

317 5123 451 5161 catinarum
471 5107 550 5156 etiarn
571 5117 622 5152 stou
633 5097 777 5152 feudalium
795 5113 881 5148 corum
901 5095 1009 5148 domino
1028 5113 1133 5167 compa·

319 5207 377 5244 rere
397 5199 533 5249 teneatur,
547 5194 574 5236 et
592 5183 652 5236 41114
672 5179 767 5234 modis·
781 5181 812 5231 ln
833 5179 931 5231 hisatis
951 5179 1133 5248 reperiuntur,

318 5276 364 5344 qui
382 5275 545 5345 appellantur
562 5264 892 5336 gefrerteloudsussen,
911 5261 956 5331 qui
973 5262 1092 5331 quamvis
1104 5262 1132 5315 iu

316 5356 489 5426 quilutsdam,
510 5361 600 5420 utpute
619 5348 697 5399 laeuis
722 5345 881 5409 mobilibus,
898 5365 912 5398 a
937 5345 1135 5400 contributione

317 5439 434 5508 exempti
449 5439 516 5496 siut.
529 5452 580 5489 non
594 5443 679 5484 temen
699 5431 826 5482 mediatae
843 5431 975 5501 principis
992 5431 1132 5500 subjectio·

249 5221 279 5263 bd

318 5528 346 5574 ut
369 5542 414 5593 per
434 5523 481 5574 hou
494 5517 700 5602 'srrbtrahuutun
724 5517 863 5586 Sprenger.
887 5516 915 5570 in
928 5515 1043 5584 jurispr.
1059 5518 1132 5586 publ.

249 5718 280 5760 ῃ
319 5610 514 5744 1141441144
533 5685 562 5740 14
576 5682 733 5739 Pomerauia
745 5684 876 5738 electorali
894 5699 947 5738 nou
965 5681 1065 5755 dispari
1079 5701 1134 5741 mo·

1179 389 1213 446 do
1231 389 1362 444 habentur
1379 389 1496 455 nobiles,
1517 389 1618 445 arulum
1642 384 1762 450 domiui,
1782 383 1824 440 4114
1842 384 1996 456 Schlenge-

1178 490 1292 528 ressene.
1305 476 1365 543 Quo
1375 473 1483 543 quidem
1503 475 1611 528 nomine
1628 471 1784 544 gmvissime
1803 471 1928 524 hactenus
1947 470 1991 522 iu·
2029 472 2065 518 ⁸⁴

1181 568 1220 609 ter
1231 575 1275 610 444
1282 596 1291 623 ,
1303 569 1328 612 et
1340 559 1465 628 reliquam
1480 558 1645 610 nubilitatem
1665 556 1838 623 disceptatum
1860 552 1925 615 1414,
1941 551 1998 604 11114

1181 641 1323 709 singularia
1348 641 1504 711 privilegia,
1524 659 1607 710 euque
1631 639 1835 712 praerogativam
1861 636 1996 688 4114114410

1179 723 1457 785 414411444411444ι-1414
1476 726 1616 794 paritatem
1640 723 1836 782 asserentibus,
1854 731 1877 774 et
1898 737 1995 774 nomen

1182 807 1230 859 der
1245 809 1508 876 Scblossgeseeseue,
1527 825 1581 860 nun
1599 808 1653 860 nisi
1675 809 1777 861 ratione
1803 807 1931 860 bonorum
1951 822 1995 858 sa·

1180 890 1249 954 lere,
1261 907 1310 943 nec
1327 891 1464 960 quicquam
1484 893 1679 962 praerogatiuae
1697 891 1817 962 personis
1835 890 1931 944 addere
1950 905 1996 942 nt·-

1180 975 1312 1042 gautibus.
1327 977 1380 1046 Qui
1393 987 1532 1045 utramque
1543 977 1658 1046 partium
1677 978 1735 1043 jura
1753 987 1779 1027 et
1793 976 1909 1029 rationes
1922 992 2000 1030 nosse

1183 1067 1267 1120 amat,
1285 1057 1362 1110 adeat
1380 1059 1425 1112 dn.
1445 1058 1659 1111 normannum.
1677 1059 1750 1128 dign.
1763 1058 1859 1112 illustr..
1874 1060 1938 1111 41144.
1955 1069 1996 1111 44.

1180 1157 1202 1192 4.
1224 1153 1248 1194 4.
1264 1141 1295 1193 iu
1304 1140 1362 1210 fin.
1383 1141 1445 1194 Non
1470 1141 1615 1194 dissimilis
1638 1143 1816 1195 controversis
1847 1141 1901 1195 iuit
1927 1144 1999 1198 14444

1179 1226 1278 1278 Ι4444414
1296 1227 1432 1280 Μ44414144
1451 1227 1568 1290 nobiles,
1587 1227 1632 1280 ubi
1652 1237 1751 1300 septem
1770 1227 1891 1282 1444411144
1909 1231 2000 1301 singu·

1181 1299 1246 1362 laria
1265 1312 1321 1378 jura
1341 1310 1391 1362 der
1410 1311 1661 1382 Schlossgesessene
1683 1315 1905 1383 praetenderunte
1919 1315 2001 1371 hodie

1182 1403 1281 1456 tamen,
1300 1405 1427 1464 errantum
1447 1397 1569 1466 percepi,
1584 1397 1728 1449 maximam
1747 1408 1847 1466 partem
1866 1415 1922 1450 nnn
1941 1401 2001 1452 sius

1181 1477 1319 1530 comsuodo
1346 1478 1452 1548 publicu
1471 1479 1557 1548 sopita
1584 1480 1630 1532 ills
1650 1482 1830 1534 controversia
1853 1493 1902 1536 est.
1920 1487 2000 1538 Unde
2037 1487 2069 1532 ⁸¹

1183 1577 1243 1610 vero
1261 1569 1287 1612 et
1305 1579 1355 1630 qua
1379 1563 1517 1615 occasione
1535 1565 1619 1616 solum
1647 1565 1676 1616 in
1696 1563 1863 1630 beornuino,
1883 1569 2001 1638 sueviae,

1182 1643 1315 1708 rhenano,
1334 1654 1359 1696 et
1377 1647 1547 1700 netteravicn
1566 1646 1702 1700 territorio
1729 1648 1833 1701 nubiles
1852 1649 1929 1703 liberi
1949 1669 2003 1706 nnn

1181 1726 1270 1778 srtrrlto
1290 1725 1439 1780 utmrttme
1458 1729 1527 1797 ipsis
1545 1731 1655 1799 imperii
1669 1731 1782 1784 statibus
1796 1737 1900 1786 mactati
1920 1736 2004 1805 privt-

1183 1808 1261 1875 legiis
1278 1811 1442 1877 reperiantur
1461 1811 1523 1864 inde
1541 1813 1640 1867 iactum
1660 1817 1843 1881 essevidetur,
1858 1819 2002 1888 etquidem

1184 1891 1285 1945 ratione
1303 1895 1413 1950 Sueviae
1430 1915 1487 1948 cum
1508 1915 1577 1952 anon
1599 1910 1676 1954 4444.
1696 1901 1862 1956 Coornlinus
1880 1903 2004 1960 sCarnln
2040 1905 2073 1951 ⁵⁸

1183 1975 1359 2044 andegavensi
1380 1980 1543 2044 vinceretur,
1557 1993 1584 2035 et
1602 1984 1687 2054 capite
1705 1986 1859 2054 puniretur,
1871 1986 1944 2040 iuter
1956 1989 2005 2042 ‹ln-

1182 2069 1253 2114 catus
1271 2075 1332 2113 num
1350 2062 1485 2117 nobilibus
1503 2067 1598 2119 itidem
1612 2068 1767 2121 immediate
1785 2072 1912 2141 imperio,
1927 2085 1955 2125 ut
1968 2074 2003 2128 its

1183 2139 1285 2208 dicam,
1312 2145 1559 2216 incorporabantur,
1580 2161 1607 2204 et
1629 2153 1689 2222 quia
1713 2153 1745 2204 ad
1772 2155 1894 2208 Rhenum
1920 2157 2003 2211 4414444

1183 2226 1286 2278 nobiles
1303 2239 1330 2282 et
1349 2229 1377 2282 14
1396 2232 1475 2284 444414
1493 2235 1677 2302 adjacentibus
1696 2237 1806 2288 donibus
1826 2239 1938 2293 sueviae
1955 2259 2004 2310 ps·
2103 2259 2109 2265 ·

1187 2310 1315 2377 ruissent,
1335 2316 1377 2367 illi
1404 2319 1533 2372 similiter
1557 2321 1673 2389 imperio
1697 2321 1920 2387 subjiciebantur,
1941 2339 2006 2380 eto·

1188 2410 1263 2446 mnes
1274 2396 1307 2446 ab
1321 2397 1526 2468 imperatoribus
1533 2404 1695 2471 pedetentim
1704 2405 1845 2474 pinguibus
1857 2409 2007 2480 privilegiis

1185 2487 1247 2528 sunt
1262 2483 1382 2544 maalath
1397 2502 1449 2546 444Ι
1463 2504 1571 2553 eorum,
1585 2489 1630 2557 qui
1644 2489 1818 2543 Francnniam
1834 2494 2003 2563 inhabitant,

1184 2560 1235 2612 alia
1250 2564 1326 2617 ratio.
1341 2566 1473 2622 1141444414
1486 2570 1557 2622 euim
1578 2570 1643 2626 dane
1659 2569 1823 2629 Frsueoniae
1835 2577 1931 2631 ultimo
1943 2599 2003 2634 cum
2042 2573 2073 2620 ⁸⁹

1186 2642 1280 2698 ducatu
1293 2665 1397 2718 quoque
1415 2651 1572 2708 immediate
1589 2655 1704 2726 imperio
1715 2658 1811 2711 inserti
1826 2673 1900 2726 sust,
1912 2675 1937 2719 et
1948 2674 2005 2718 tau·

1184 2727 1243 2780 dem
1257 2731 1411 2802 privilegia,
1426 2755 1490 2805 41444
1506 2755 1575 2791 nune
1589 2741 1701 2806 habent,
1714 2754 1774 2796 sunt
1787 2747 1929 2799 consecuti.
1942 2748 2008 2804 44141..

1188 2815 1329 2881 Sprenger.
1352 2816 1380 2867 in
1397 2817 1508 2886 jurispr.
1523 2821 1597 2889 publ.
1615 2822 1662 2876 111.
1684 2834 1708 2874 4.
1725 2843 1749 2878 4.
1766 2837 1788 2876 4.
1803 2845 1829 2880 ιι.
1845 2841 1868 2881 4.
1888 2829 1941 2882 nn.
1955 2829 2006 2884 Lo.

1187 2894 1278 2964 dolpb.
1297 2899 1375 2966 Rogo
1393 2900 1427 2956 414
1444 2913 1510 2957 stat.
1528 2904 1630 2974 regium
1649 2923 1774 2976 perman.
1791 2927 1813 2962 4.
1831 2923 1852 2962 4.
1866 2929 1895 2962 ιιι
1910 2923 1933 2962 tt.
1946 2915 2005 2967 Ma·

1188 2978 1257 3046 gnis.
1276 2980 1323 3033 dn.
1342 2985 1453 3039 Rbetius
1472 2988 1502 3041 irs
1520 3000 1664 3042 comment.
1683 2992 1722 3044 441
1731 2991 1870 3061 jusseud.
1886 3011 1951 3066 pop.
1963 3007 2004 3050 ts.

1189 3081 1215 3115 ιι.
1238 3073 1281 3118 20.
1300 3076 1327 3118 et
1345 3067 1375 3121 iu
1389 3070 1500 3139 jurispr.
1517 3073 1594 3141 publ.
1611 3075 1658 3128 111.
1680 3087 1704 3128 4.
1721 3097 1743 3131 4.
1766 3088 1806 3130 ts.
1824 3077 1870 3128 dn.
1889 3097 1903 3130 a
1920 3079 2004 3134 Fran·

1184 3146 1323 3220 elenberg.
1337 3153 1365 3206 iu
1379 3155 1427 3206 der
1436 3156 1484 3208 iter
1500 3156 1677 3226 regierendeu
1697 3160 1768 3216 Welt
1778 3176 1889 3232 pressea
1901 3165 2004 3220 telau-

1185 3231 1275 3286 tuum
1292 3254 1321 3304 p·
1341 3249 1402 3290 444.
1420 3254 1476 3310 sep.

1221 3320 1262 3374 An
1283 3338 1344 3373 vero
1363 3324 1525 3377 valvasorum
1546 3327 1585 3379 vel
1604 3328 1733 3382 vairasiui
1759 3332 1885 3386 vocabulo
1904 3333 1933 3388 bi
1952 3351 2002 3390 nn·
2042 3334 2074 3379 ⁸⁰

1184 3401 1251 3454 biles
1269 3402 1324 3455 dici
1345 3418 1514 3472 mereantur,
1527 3426 1579 3463 non
1594 3413 1749 3482 expeditum
1767 3429 1806 3470 est
1825 3418 1893 3486 apud
1914 3418 2004 3474 414444-

1188 3503 1229 3537 res
1247 3489 1316 3555 juris
1336 3486 1464 3554 feudalis;
1480 3493 1600 3563 plerique
1617 3497 1779 3550 eontrarium
1800 3509 1907 3568 tenent,
1922 3512 1949 3554 et
1961 3521 2004 3556 ca-

1184 3571 1316 3639 pitaneis,
1336 3574 1357 3624 si
1377 3579 1482 3630 444414
1502 3590 1623 3650 respectu
1642 3584 1924 3658 considerantemque
1945 3589 2003 3644 t‘eu·

1184 3654 1215 3706 da
1237 3655 1388 3712 immediate
1406 3660 1519 3726 bahent,
1539 3683 1591 3718 non
1611 3683 1686 3736 posse
1712 3685 1765 3734 pon
1783 3673 1934 3741 comparari
1952 3685 2004 3728 ste·

1182 3751 1267 3794 luunt.
1286 3743 1338 3796 vid.
1358 3745 1467 3812 magnit.
1487 3747 1532 3799 du.
1552 3751 1667 3803 Rbetius
1686 3753 1713 3804 in
1733 3753 1759 3806 41.
1784 3772 1881 3810 comni.
1901 3755 1927 3810 41.
1947 3758 2001 3813 144.

1182 3842 1209 3876 ιι.
1231 3836 1273 3876 44.
1292 3827 1335 3880 du.
1357 3830 1467 3882 Praenes
1487 3831 1514 3882 in
1542 3852 1634 3887 esrom.
1652 3835 1710 3905 jur.
1725 3836 1808 3907 saud.
1832 3857 1856 3894 4.
1884 3853 1908 3894 s.
1927 3862 1952 3912 p.
1973 3855 1996 3894 4.

1187 3909 1346 3964 Praesertim
1365 3931 1425 3965 cum
1446 3914 1623 3982 sublimibus,
1635 3920 1731 3987 quihus
1751 3922 1850 3974 dudum
1869 3924 1935 3979 urdo
1949 3926 2001 3981 1444
2038 3933 2068 3977 44

1186 4005 1294 4048 ornatus
1313 3995 1363 4048 iuit
1385 3998 1551 4068 privilegiis,
1570 4002 1661 4054 titulus
1679 4005 1763 4066 Edel,
1776 4021 1807 4056 ex
1828 4007 1895 4075 stylo
1913 4011 2002 4064 curiae

1185 4079 1331 4150 imperialis
1349 4083 1414 4134 41144
1432 4083 1515 4137 solutu
1535 4085 1678 4137 comitibus
1692 4095 1718 4139 et
1732 4087 1874 4142 baronibus
1893 4091 2000 4147 debitus

1184 4167 1338 4230 accesserim
1349 4175 1376 4221 et
1389 4167 1460 4222 iuter
1480 4168 1580 4238 reliqua
1598 4171 1654 4237 eius
1672 4172 1814 4240 priuilegia
1832 4173 1881 4225 boc
1898 4195 2002 4247 quoque

1184 4268 1253 4305 anuo
1276 4263 1351 4304 4444.
1370 4254 1532 4320 divulgatum
1552 4254 1581 4306 14
1600 4255 1822 4324 copit.1eopold.
1841 4270 1893 4312 nrt.
1914 4269 1938 4314 4.
1956 4281 1999 4316 re·

1186 4333 1313 4400 periatur.
1333 4333 1399 4387 Cum
1419 4334 1484 4388 alias
1503 4335 1589 4390 nobili
1603 4348 1745 4392 stemmate
1756 4341 1879 4394 oriundis
1891 4361 1922 4396 eo
1933 4345 2000 4415 stylo
2038 4363 2069 4409 ιι

1185 4418 1310 4486 proprius
1328 4419 1432 4483 nullus,
1452 4419 1497 4470 sed
1517 4423 1666 4475 communis
1687 4423 1737 4489 sit,
1761 4427 1868 4478 Uerrem
1888 4431 2002 4486 unddes

1183 4502 1281 4554 11414144
1303 4501 1406 4556 Lieben
1439 4503 1588 4566 Getreuen,
1606 4514 1635 4556 ct
1659 4505 1689 4558 14
1715 4510 1871 4562 memoriam
1890 4516 2000 4570 servitii

1185 4585 1312 4638 militaris
1330 4597 1355 4636 et
1376 4585 1514 4639 vassallitii
1534 4587 1678 4644 tibiaentnr
1689 4595 1729 4645 vel
1744 4597 2001 4663 541444444444414-

1185 4669 1317 4723 minorum
1336 4673 1427 4724 Herm
1447 4672 1514 4724 oder
1528 4673 1609 4727 Elam
1619 4678 2002 4754 ,appellationedecorentur,

1184 4751 1238 4804 nisi
1265 4753 1456 4820 ecclesiastiea,
1476 4764 1521 4806 aut
1538 4757 1638 4825 equitis
1663 4760 1704 4812 vel
1725 4763 1843 4816 doctoris
1863 4764 2002 4834 dignitati·

1184 4836 1248 4899 bus,
1263 4836 1304 4888 illi
1322 4834 1450 4889 affinibus
1468 4851 1617 4895 coruscent.
1632 4841 1692 4894 add.
1706 4846 1816 4914 magnii.
1829 4847 1873 4901 du.
1888 4851 2000 4906 libetius

1185 4922 1213 4973 in
1228 4921 1338 4994 jurispp.
1354 4921 1426 4987 publ.
1444 4923 1463 4973 1.
1486 4916 1508 4976 1.
1527 4943 1550 4978 4.
1571 4935 1612 4978 44.
1630 4928 1652 4994 §.
1661 4926 1720 4995 fio·
1733 4929 1810 4999 Quod
1828 4931 1919 4986 eadem
1937 4951 1999 4988 con·
2036 4936 2067 4980 ⁶⁸

1185 5007 1324 5058 suetudine
1337 5008 1365 5058 iu
1385 5005 1526 5060 territoriis
1547 5017 1661 5062 statuum
1681 5024 1815 5079 servatur,
1828 5015 1883 5068 nisi
1895 5019 2000 5086 quando

1185 5091 1248 5155 isti,
1267 5092 1312 5160 qui
1333 5091 1483 5161 principum
1509 5092 1637 5160 regimini
1663 5108 1804 5165 praesunt,
1822 5115 1870 5152 suo
1890 5103 1999 5156 numine

1182 5174 1369 5238 rescribentes,
1382 5174 1517 5226 nubilibus
1531 5193 1629 5244 genere
1641 5178 1795 5250 plerumque
1809 5185 1915 5236 titulum
1930 5187 2001 5238 Edel

1186 5257 1323 5322 tribuunt,
1343 5259 1422 5311 sicuti
1441 5259 1470 5312 iu
1494 5276 1589 5314 recres.
1612 5263 1849 5329 previucMorclr.
1868 5270 1902 5322 414
1922 5287 1998 5322 cuno

1188 5353 1265 5394 4444.
1283 5351 1334 5394 nrt.
1355 5353 1397 5393 44.
1414 5342 1584 5412 peculiariter
1603 5343 1636 5396 de
1656 5346 1787 5413 regimine
1804 5351 1999 5404 raes-marchino

1184 5437 1302 5486 cautum.
1324 5424 1423 5478 serbis:
1448 5426 1554 5480 Wullen
1580 5425 1631 5480 wir
1647 5431 1717 5482 nuel·
1737 5431 1787 5502 bey
1806 5450 1918 5488 unserer
1935 5454 2002 5490 neu·
2061 5492 2064 5500 ,

1183 5509 1384 5564 moerebischen
1404 5508 1560 5578 Regieruug
1578 5510 1622 5564 4114
1637 5515 1795 5586 gnuedigste
1819 5520 2002 5590 Verordnung

1096 5653 1098 5658 Ι
1183 5593 1250 5646 41ιιιιι
1257 5630 1266 5658 ,
1285 5593 1363 5658 dues,
1383 5612 1465 5650 menn
1485 5594 1535 5646 sut
1559 5595 1671 5648 nornine
1696 5598 1834 5654 desselben
1859 5613 1941 5658 etwas
1957 5623 2000 5660 re·

1182 5675 1308 5732 scribiret
1325 5677 1429 5734 werden
1448 5692 1537 5744 murs,
1555 5677 1616 5733 dem
1636 5681 1711 5738 Adel
1727 5687 1785 5742 und
1809 5687 2004 5749 Rutu-stand
