4476 6274
255 265 305 338 ⁵59

201 367 369 435 Attagenae
383 359 456 416 duee
473 355 580 412 4444411.
596 345 725 426 provinc.
743 361 772 398 n.
792 353 834 394 44.
848 350 890 392 44.

773 246 824 304 DE
842 240 934 302 JURE
954 226 1081 296 11111111
1098 226 1240 290 11011118
1258 237 1319 282 tte.

1068 327 1135 382 lich.
1149 343 1178 396 p.
1200 334 1224 376 t.
1242 320 1359 378 conclus.
1380 321 1469 372 11144.
1490 327 1514 369 t.
1533 315 1586 370 1144.
1609 317 1717 370 Peaeum
1740 313 1771 370 itt
1795 329 1884 368 em,

1784 215 1835 280 ⁵7⁰

203 447 276 520 Quat
285 447 362 519 iura
379 441 453 496 eirea
477 453 575 510 equae,
594 445 705 488 44444444
728 437 755 482 44
778 433 867 478 uestes
892 415 1020 490 tugttbres
1065 407 1314 480 iur.seuda1.cup·
1335 414 1377 456 tt.
1395 421 1440 475 aa.
1459 413 1485 455 4.
1505 409 1534 456 ιιι
1551 400 1590 454 aia
1608 400 1708 455 1441414
1736 409 1888 455 aoatratet·
1931 393 1944 439 ⁸

235 535 338 587 uiduae
356 526 440 580 nobil.
457 519 613 592 competat?
631 535 658 572 n.
680 525 723 568 at.
743 523 784 564 tt.

203 624 344 691 Quantum
361 613 464 668 uiduae
481 607 584 665 nobilis
600 601 729 662 obaerati
739 593 895 654 dotalitium
907 603 965 644 esse
978 585 1022 640 de·

238 699 367 756 1444144.
388 705 429 749 st.

206 785 298 842 Vidua
315 782 398 836 etiam
414 786 479 849 post
504 780 617 827 mortem
645 766 739 820 mariti
762 776 923 818 consensum
945 771 1026 830 super

240 869 367 924 dotalitia
386 863 500 934 exigere
514 867 611 930 potest.
629 873 657 908 n.
677 864 719 908 st.

209 954 292 1026 Quod
307 951 444 1021 probatur·
457 961 507 1018 per
523 956 619 997 444444.
636 932 780 1006 proviae?
799 949 826 986 n.
845 941 888 984 41.

207 1044 257 1094 Aa
275 1035 431 1090 dotalitium
450 1029 534 1086 etiam
552 1024 581 1080 ei
596 1024 742 1084 debeatur,
756 1035 828 1090 quae
840 1025 906 1068 ante
918 1005 1027 1064 benedi·

240 1123 359 1177 ctionem
370 1112 568 1174 sacerdotalem
583 1109 703 1180 peperit,
720 1105 783 1159 iicet
796 1098 909 1170 nuptiae
921 1109 1027 1150 nonae·

236 1201 341 1260 ausae?
359 1220 386 1253 tt.
407 1211 450 1252 st.

211 1285 349 1362 Quamdiu
367 1277 576 1346 44441444441414,
594 1291 671 1332 ttttor
687 1270 793 1326 nnllam
805 1269 853 1342 jus
878 1264 908 1318 in
931 1258 1030 1316 dotali·

243 1374 282 1426 tia
302 1367 403 1424 ltabet?
421 1383 448 1418 n.
468 1373 512 1417 14.

208 1455 325 1512 lutra
340 1449 465 1523 fiendum
485 1446 515 1500 in
539 1457 593 1516 quo
617 1438 773 1498 dotalitium
793 1444 832 1488 at
855 1429 1033 1487 constitutum

246 1540 372 1594 alienare
389 1552 447 1588 nan
463 1539 559 1603 potest.
572 1545 598 1583 44.
614 1538 657 1581 so.

247 1623 311 1676 14414.
324 1639 353 1674 n.
369 1630 410 1672 to.

214 1629 286 1766 53¹⁰„
300 1715 414 1760 mortem
428 1698 522 1754 mariti
533 1695 636 1750 uiduae
647 1691 758 1748 debetur
770 1682 935 1740 dotalitium.
948 1695 976 1732 n.
992 1685 1034 1728 tt.

217 1796 267 1848 Aa
279 1791 364 1844 uidua
376 1782 527 1840 dotalitium
539 1779 656 1851 proprio
662 1773 820 1832 auctoritate
833 1782 968 1836 occupare
974 1779 1037 1833 poa·

251 1875 308 1930 sit?
326 1893 354 1926 44.
377 1881 418 1924 ta.

216 1959 333 2032 Affirtm
351 1973 379 2008 n.
400 1961 441 2006 41.

216 2042 407 2110 destringitur.
427 2053 455 2088 tt.
476 2042 518 2086 tt.
538 2042 580 2084 tt.

221 2127 297 2198 (laid
304 2123 379 2198 juris
397 2121 466 2173 circa
475 2116 588 2188 fructus
606 2104 746 2164 dotalitii?
763 2121 791 2156 n.
813 2110 855 2154 44.

224 2211 313 2267 Viduo
331 2202 455 2272 plenarie
473 2191 681 2264 utitursruitur
697 2185 834 2244 dotalitio.
852 2201 879 2234 44.
902 2187 944 2232 ts.

220 2299 270 2352 An
290 2287 328 2345 ud
344 2283 526 2342 inventarium
544 2290 570 2334 et
588 2274 706 2330 44414444
731 2265 883 2326 reddendas
911 2257 1042 2316 obstricta

226 2376 474 2538 Qiidiidi'ttua
490 2467 518 2502 44
534 2461 628 2518 gerere
651 2439 747 2496 debeat
767 2433 839 2490 cirac
863 2422 1044 2486 dotalitium?

257 2565 283 2600 n.
304 2555 346 2604 ta.
363 2559 391 2596 44
428 2575 435 2590 .

228 2628 318 2686 Vidua
336 2627 368 2680 da
385 2559 513 2677 4114441414
529 2617 648 2689 praestat
665 2623 751 2661 onam
768 2601 867 2658 realia.
888 2618 917 2652 n.
937 2609 979 2682 44.

225 2713 369 2770 Probatur
383 2723 435 2778 per
452 2719 545 2760 444444.
559 2695 683 2770 prasino.
703 2709 729 2742 n.
753 2698 794 2740 44.

226 2801 273 2850 An
293 2791 374 2848 uidua
391 2786 482 2843 debita
491 2779 623 2854 feudalia
640 2792 677 2830 eu
695 2770 822 2828 dotalitio
832 2770 939 2826 4444444
953 2777 1047 2820 tenec-

265 2877 330 2934 tur?
344 2890 386 2928 te.
957 2893 958 2898 ,

228 2961 344 3034 Asflrm·
362 2953 454 3032 quoad
472 2965 570 3008 usuras
587 2965 645 3002 nott
662 2941 754 3016 quood
769 2949 880 2995 sortem.
899 2955 927 2990 n.
949 2946 992 2990 44.

229 3051 325 3105 Protei
338 3042 491 3115 iudicatum
509 3036 538 3091 t’n
557 3051 626 3089 cam-
645 3031 721 3086 44444.
738 3045 767 3080 a.
785 3035 830 3078 st.

230 3127 481 3189 Anadccutionem
494 3101 999 3192 usffluctuoriasnciduotenootusiu.
1010 3109 1052 3153 14.

234 3215 348 3288 Quando
368 3221 394 3267 et
411 3206 547 3282 quomado
566 3199 655 3256 enutio
672 3191 857 3270 praestanda?
868 3211 897 3245 n.
916 3200 957 3242 14.
970 3205 1042 3260 sopp.

229 3301 307 3362 'itaet
324 3296 418 3355 omnia
435 3308 512 3348 secut
527 3309 555 3344 44
572 3287 696 3350 babent,
716 3282 742 3334 si
759 3277 922 3336 dotalitium
941 3292 999 3329 non
1023 3271 1055 3326 itt

268 3405 299 3441 44
317 3377 471 3440 immobili,
491 3373 540 3428 sed
558 3368 652 3424 mobili
668 3361 912 3420 constituatur..n.
932 3371 974 3414 41.

232 3473 279 3526 Aa
300 3467 386 3522 uidua
405 3459 559 3518 dotalitium
577 3452 710 3516 retineat,
728 3446 754 3501 a·
770 3446 808 3501 ad
819 3445 940 3524 secunda
952 3439 1056 3498 transit

271 3552 359 3607 coici
377 3568 406 3602 n.
427 3557 469 3602 44.

234 3635 355 3710 Affirm.
373 3652 401 3686 n.
422 3641 464 3684 44.

235 3719 394 3775 limitatur.
407 3733 436 3768 n.
451 3722 495 3768 44.

236 3800 402 3860 Dotalitium
417 3787 730 3862 mortecidttoejt'nitur·
745 3804 775 3842 tt·
790 3795 831 3844 41.

240 3887 313 3956 Quid
321 3888 418 3941 uiduae
430 3879 558 3939 4444444144
568 3887 680 3932 mortua
693 3889 727 3928 ea
740 3865 891 3938 autpiana
901 3883 926 3918 n.
942 3881 983 3924 44.

240 3979 338 4032 tltrum
359 3970 508 4028 consultius
519 3966 615 4022 uiduae
623 3962 659 4017 sit
670 3959 770 4014 tubere
784 3952 942 4008 dotalitium
962 3943 1062 4003 consti·

273 4067 369 4119 tatum,
383 4073 420 4108 an
432 4051 613 4107 donationem
623 4053 737 4116 propter
749 4036 879 4107 nuptias?
893 4054 921 4088 n.
935 4045 977 4091 41.

243 4139 348 4195 Viduae
361 4137 490 4192 itaeredes
501 4140 624 4206 repetunt
636 4121 841 4182 ateliorationes
849 4114 1067 4186 oot'duasactas.

276 4244 304 4278 n.
324 4235 367 4282 44.

245 4305 363 4377 Quando
375 4299 407 4357 id
415 4299 553 4372 procedat.
568 4313 595 4351 st.
611 4305 651 4355 41.

245 4388 317 4458 Quid
325 4385 398 4442 41444
411 4383 614 4436 meliorationes
623 4375 811 4447 aedificiorum
825 4365 966 4424 obtineat?
978 4383 1007 4418 n.
1023 4377 1067 4420 to.

245 4473 317 4541 Quid
328 4469 518 4540 eircafinctus
528 4457 727 4536 percipiendae?
742 4475 769 4510 n.
783 4465 828 4508 41.

242 4558 276 4609 14
291 4555 381 4610 media
395 4543 520 4609 1144414144
534 4547 684 4604 attenditur
694 4544 751 4597 dies
763 4537 972 4609 margarethae.
984 4553 1011 4588 n.
1026 4544 1070 4586 41.

243 4643 404 4710 impensae,
421 4654 489 4709 quas
508 4632 745 4704 uiduasructuum
757 4626 795 4679 ad
809 4636 975 4678 successores
983 4619 1074 4690 feudi

278 4723 466 4778 deuolaturam
479 4733 565 4772 consa
588 4713 722 4788 erogauit,
741 4707 929 4764 resarciendae
950 4700 1073 4760 itaeredi·

281 4808 331 4861 bus
344 4806 410 4877 eius.
423 4824 451 4858 n.
468 4814 511 4856 tt.

249 4889 403 4959 Quidcirca
412 4887 527 4960 finctus
538 4881 628 4940 ciuiles
641 4890 666 4936 44
678 4877 856 4936 vindemiales
878 4870 1025 4932 obtineat?
1044 4889 1073 4926 rt.

289 4980 331 5025 14.
353 4983 395 5026 ib.

1071 496 1168 550 siarum
1187 493 1219 546 da
1237 487 1356 545 dotalitio
1374 487 1460 560 potius
1478 503 1512 542 ex
1528 485 1643 554 cuiusuis
1659 485 1711 540 1441
1724 481 1892 538 consuetudi-

1073 596 1106 636 ne
1124 578 1284 652 dependeat,
1301 591 1382 646 qaam
1399 589 1431 626 ex
1449 572 1517 641 juris
1545 567 1737 640 dispositione,
1762 566 1818 622 411.
1843 567 1890 622 dn.

1073 668 1181 722 Praenes
1195 663 1224 714 in
1237 669 1318 716 tract.
1331 658 1365 713 de
1376 671 1487 712 success.
1501 655 1537 709 ab
1548 653 1638 708 intest.
1651 669 1674 705 4.
1688 665 1713 705 4.
1726 661 1779 707 an.
1794 662 1818 704 1.
1829 651 1853 718 ς.
1869 661 1894 704 t.

1111 739 1430 811 mutationemque
1455 740 1492 794 sit
1516 738 1627 808 alicujus
1649 733 1690 789 tei
1714 731 1894 798 ususfructus,
1931 734 1945 776 4

1075 852 1153 907 quam
1173 834 1284 887 maritus
1303 831 1332 884 in
1352 827 1625 900 recompensationem
1638 823 1709 880 dotis
1720 833 1843 895 acceptae
1854 821 1897 878 441

1076 919 1237 991 promissae.
1256 915 1335 970 uxori
1355 911 1512 976 constitnit,
1529 922 1558 964 ut
1583 909 1642 980 ipso
1668 915 1788 972 mortuo,
1816 905 1897 980 uidua

1076 1003 1153 1056 illam
1171 999 1204 1054 ad
1222 999 1281 1052 dies
1300 999 1371 1053 41144
1389 998 1521 1060 lactetur,
1540 991 1585 1046 do.
1605 993 1695 1046 Peaea.
1712 991 1739 1045 d.
1759 986 1782 1061 5.
1796 999 1821 1042 7.
1835 988 1901 1042 Bet·

1077 1087 1141 1140 11414.
1159 1088 1185 1141 4.
1204 1082 1325 1137 concites.
1341 1093 1385 1135 44.
1406 1099 1433 1134 n.
1461 1092 1485 1130 4.
1511 1078 1564 1130 Du.
1585 1076 1673 1129 Strus.
1685 1091 1707 1126 4.
1710 1091 1737 1146 J
1741 1072 1841 1141 ficop.
1858 1081 1899 1124 14.

1077 1173 1116 1226 tlt·
1128 1183 1153 1222 4.
1165 1172 1236 1224 44144.
1245 1185 1273 1236 ρ.
1291 1179 1311 1220 1.
1326 1165 1352 1218 d.
1367 1160 1661 1228 14111441441114144.
1680 1170 1702 1211 t.
1715 1177 1762 1228 qu.
1778 1167 1802 1211 t.
1813 1171 1842 1210 44.
1858 1166 1900 1210 14.

1116 1258 1189 1310 Solet
1204 1265 1288 1308 autem
1316 1273 1330 1306 a
1353 1251 1486 1322 plerisque
1507 1246 1632 1303 oouiuudi
1658 1245 1810 1300 dotalitium
1836 1263 1897 1298 cum
1941 1255 1955 1295 4

1079 1341 1223 1393 donatione
1237 1349 1341 1408 propter
1354 1335 1468 1406 nuptias,
1482 1333 1559 1402 vulgo
1578 1329 1902 1400 Gegantserruaetnnsu

1081 1441 1148 1495 quae
1166 1435 1253 1478 tamen
1273 1419 1379 1492 proprie
1398 1416 1530 1488 loquendo
1547 1432 1601 1468 non
1620 1431 1714 1485 patum
1731 1413 1766 1467 ab
1793 1413 1907 1468 invicem

1084 1507 1224 1572 1111444441,
1243 1503 1364 1576 quamvis
1376 1503 1447 1556 enim
1456 1517 1539 1554 omne
1553 1497 1702 1553 dotalitium
1716 1496 1797 1550 etiam
1810 1496 1849 1549 sit
1860 1497 1909 1550 do·
1949 1504 1962 1546 4

1085 1592 1159 1644 natio
1175 1599 1287 1660 proptor
1305 1586 1421 1657 nuptiae,
1441 1587 1490 1638 hoc
1509 1595 1598 1638 tamen
1618 1583 1764 1636 414444444
1782 1597 1836 1632 non
1850 1597 1912 1650 pro·

1086 1674 1165 1735 cedit,
1186 1691 1247 1724 nam
1267 1672 1331 1724 baec
1353 1683 1376 1724 t.
1395 1670 1466 1722 dotia
1485 1669 1573 1721 sattim
1593 1675 1634 1720 eat
1650 1665 1819 1729 assecuratio,
1839 1661 1909 1716 aude

1086 1763 1113 1808 et
1132 1753 1228 1823 pignos
1246 1752 1317 1804 dotia
1335 1752 1461 1820 appellari
1481 1750 1628 1814 namnetim
1647 1759 1808 1821 quapropter
1822 1758 1848 1800 t.
1863 1745 1913 1799 do·
1948 1746 1960 1785 1

1088 1849 1141 1892 tem
1159 1853 1212 1890 non
1231 1835 1375 1898 consumit,
1393 1834 1440 1886 sed
1460 1849 1517 1886 aaut
1537 1845 1689 1894 conservat,
1716 1833 1840 1886 4411444
1865 1829 1912 1884 do·
1949 1831 1962 1870 ⁸

1088 1920 1162 1974 natio
1181 1931 1287 1989 propter
1305 1917 1411 1987 nuptiae
1431 1933 1485 1969 nan
1504 1915 1617 1970 debetne
1630 1915 1685 1968 nisi
1698 1915 1854 1980 constituta,
1866 1915 1913 1969 do·

1089 2005 1205 2058 talitium
1222 2019 1284 2056 aeto
1303 2002 1383 2053 etiam
1402 1998 1461 2052 sina
1479 1998 1679 2065 constitutione,
1697 2011 1757 2052 oum
1770 2006 1913 2054 consueta·

1090 2089 1125 2142 do
1143 2088 1193 2140 hoc
1211 2085 1342 2152 assignet,
1361 2084 1433 2136 4444.
1450 2099 1480 2152 p.
1500 2093 1525 2134 4.
1537 2081 1562 2135 d.
1580 2091 1642 2134 444.
1656 2100 1684 2134 n.
1703 2095 1729 2134 4.
1748 2081 1782 2136 lit
1797 2080 1912 2153 deniqne
1950 2092 1964 2134 s

1092 2182 1116 2224 4.
1132 2170 1210 2226 uidua
1236 2169 1265 2222 iu
1287 2183 1414 2222 concursu
1440 2167 1606 2220 creditorum
1631 2165 1717 2237 quoad
1742 2167 1914 2223 donationem

1091 2265 1200 2325 psopter
1218 2251 1327 2321 nuptiae
1348 2250 1423 2304 nollo
1448 2250 1621 2320 praelationis
1644 2252 1703 2318 1444
1726 2249 1843 2320 gaudet,
1862 2251 1916 2305 sed

1092 2338 1171 2406 hujus
1189 2335 1298 2390 nomine
1317 2335 1386 2388 inter
1403 2333 1488 2386 nudos
1521 2332 1642 2388 44144144·
1667 2333 1916 2406 chirographatiose

1093 2425 1220 2495 Carpant.
1235 2441 1264 2494 p.
1279 2433 1303 2476 t.
1313 2437 1337 2475 4.
1358 2430 1400 2474 ta.
1419 2420 1445 2473 d.
1473 2430 1517 2472 44.
1529 2418 1564 2474 tt
1578 2417 1729 2473 dotalitium
1743 2437 1794 2490 qua
1807 2419 1860 2472 tale
1872 2431 1919 2487 pe·

1094 2510 1174 2564 riade
1191 2525 1223 2562 aa
1239 2508 1287 2561 dos
1305 2507 1363 2578 ipsa
1381 2508 1441 2576 juso
1459 2503 1630 2575 praelationis
1646 2501 1758 2556 1414444
1775 2501 1869 2558 viduae
1887 2501 1918 2554 ln
1987 2555 1990 2562 ,

1095 2609 1224 2649 concurso
1242 2589 1415 2655 creditorum,
1433 2589 1494 2660 quia
1512 2587 1563 2642 144
1582 2586 1691 2641 nomine
1709 2585 1765 2656 agit
1776 2583 1811 2638 14
1821 2583 1919 2642 damno
2025 2571 2027 2576 ¹

1095 2675 1212 2742 vitando,
1231 2673 1294 2728 date
1312 2691 1360 2745 pet·
1378 2673 1448 2727 illud
1465 2671 1597 2744 absorpta,
1617 2669 1669 2724 411.
1688 2668 1814 2740 carpzov.
1837 2687 1864 2742 p
1894 2679 1919 2722 4.

1098 2760 1180 2816 decu.
1195 2758 1374 2828 tamedemp.
1392 2770 1416 2813 4.
1427 2777 1450 2813 4.
1461 2769 1501 2813 14.
1515 2759 1563 2813 ds
1573 2771 1598 2812 4.
1610 2775 1637 2810 a.
1654 2755 1810 2812 4.(144144.
1823 2753 1919 2810 consil.

1101 2863 1124 2905 4.
1144 2864 1171 2899 n.
1187 2855 1336 2901 metecus.
1351 2859 1412 2900 too.
1431 2861 1458 2896 44.
1477 2857 1504 2897 a.
1521 2843 1622 2898 nonies.
1641 2841 1789 2914 Scheplltu.
1806 2859 1833 2912 p.
1859 2853 1883 2895 4.
1901 2851 1919 2896 t

1102 2941 1126 2982 t.
1139 2931 1163 2997 ς.
1179 2940 1220 2990 ta.
1233 2929 1261 2984 14.
1277 2929 1324 2984 da.
1343 2929 1487 2984 Bmansm·
1509 2925 1549 2982 ad
1560 2926 1638 2980 autb.
1650 2943 1726 2980 nunc
1738 2925 1884 2981 inhibetur.
1896 2943 1920 2979 4.

1099 3016 1134 3068 44
1144 3013 1238 3068 donat.
1249 3021 1352 3066 anteat
1360 3021 1454 3084 propt.
1476 3021 1556 3080 nupt.
1575 3021 1601 3066 et
1615 3011 1668 3078 iam
1688 3009 1807 3065 laudatus
1824 3009 1918 3082 Carpe.

1099 3096 1166 3166 sup.
1179 3097 1213 3148 de
1217 3097 1277 3169 jur.
1279 3093 1404 3164 [4444144.
1415 3095 1516 3164 singul.
1535 3093 1630 3149 decad.
1645 3094 1761 3166 144414.
1789 3107 1814 3149 4.
1831 3111 1858 3149 tt.
1878 3105 1923 3148 tt.

1101 3197 1174 3253 seqq.
1193 3182 1251 3234 ttae
1270 3189 1369 3246 tamen,
1386 3178 1456 3248 qnod
1480 3178 1650 3233 donationem
1684 3189 1791 3249 propter
1815 3177 1924 3249 nuptiae

1105 3261 1331 3334 chirographaeiie
1349 3261 1528 3316 creditoribus
1548 3271 1654 3316 tantum
1678 3262 1828 3329 accenseri,
1847 3261 1926 3330 dial,

1104 3349 1136 3403 ad
1155 3361 1241 3402 mores
1260 3345 1393 3402 Senoniae
1410 3344 1634 3416 miningendome
1655 3347 1685 3398 in
1703 3345 1825 3400 Maronia
1843 3345 1927 3411 enim,

1106 3436 1151 3490 ubi
1170 3437 1228 3504 jure
1245 3433 1382 3488 commoni
1399 3433 1509 3495 utimur,
1528 3435 1569 3502 jus
1584 3430 1679 3486 tacitae
1691 3429 1855 3503 hypothecae
1865 3431 1929 3485 huic

1107 3518 1246 3572 donationi
1264 3533 1317 3571 oon
1336 3515 1529 3584 denegandum,
1544 3531 1605 3568 com
1625 3515 1676 3570 144
1689 3531 1814 3586 expresse
1824 3521 1930 3571 cautam

1109 3603 1128 3654 4.
1144 3601 1356 3663 4414414114.
1372 3601 1491 3672 14.ᾳυί
1509 3611 1566 3668 pot.
1591 3601 1620 3654 in
1645 3599 1756 3670 pignos.
1771 3616 1820 3670 pet
1837 3599 1932 3656 444144

1109 3685 1274 3741 babetinter
1289 3685 1435 3740 creditores
1454 3685 1502 3738 sui
1522 3683 1652 3755 temporis
1676 3683 1812 3746 ordinem,
1829 3682 1931 3755 quippe

1111 3769 1155 3824 ubi
1174 3769 1240 3826 ordo
1258 3769 1387 3840 temporie
1404 3769 1569 3834 4144444144,
1589 3767 1629 3820 111
1648 3767 1791 3839 hypotheca
1802 3766 1874 3820 adsit
1884 3781 1932 3818 ne·

1111 3871 1213 3908 4444444
1230 3863 1286 3916 este
1300 3870 1360 3908 cum
1378 3854 1450 3908 intes
1466 3852 1700 3924 chiragnapltarios
1718 3851 1848 3924 tempatis
1861 3848 1932 3908 satia

1114 3938 1239 3992 habeatur
1254 3937 1345 4005 nulla,
1363 3935 1411 3992 da.
1431 3937 1579 3993 14444444.
1595 3935 1901 3993 cameracencis.
1915 3933 1933 3985 l.

1118 4033 1159 4076 tt.
1172 4041 1200 4075 tt.
1218 4031 1259 4076 ts.

1150 4103 1328 4159 Constituitas
1343 4119 1408 4158 4444
1426 4099 1600 4170 dotalitium,
1630 4105 1670 4159 441
1695 4121 1711 4157 4
1735 4101 1833 4156 marito
1849 4099 1935 4156 aditae

1117 4189 1183 4255 4144,
1203 4191 1245 4244 441
1260 4205 1294 4244 44
1311 4185 1443 4252 cataneto,
1462 4204 1477 4240 4
1495 4185 1690 4242 4444444441144
1707 4185 1791 4254 14411,
1809 4185 1867 4240 4144
1889 4184 1938 4238 do·

1119 4275 1193 4328 mino
1211 4275 1267 4328 4144
1284 4272 1395 4344 agnatio.
1415 4269 1544 4342 Quamuis
1561 4269 1634 4324 euim
1654 4270 1819 4324 1444441444
1831 4287 1885 4324 noo
1899 4283 1940 4322 se-

1117 4377 1163 4416 cus
1180 4375 1210 4413 aa
1227 4360 1280 4414 alia
1297 4357 1386 4413 debita
1403 4375 1419 4411 a
1437 4356 1546 4410 casulla
1559 4365 1703 4419 contracta,
1715 4352 1876 4409 haereditati
1888 4351 1941 4407 sal·

1033 4477 1040 4489 ·
1119 4445 1167 4499 tim
1184 4442 1351 4498 incumbant.
1369 4442 1531 4496 Buttmann.
1550 4438 1690 4506 11141444.
1707 4447 1828 4508 uque.
1848 4452 1877 4490 n.
1898 4447 1940 4489 ts.

1122 4525 1320 4582 Consuetudiae
1332 4535 1421 4580 tamea
1434 4523 1563 4594 generali,
1576 4522 1737 4594 praesertim
1754 4521 1892 4586 44444144,
1910 4517 1941 4571 14

1120 4612 1160 4665 ita
1176 4619 1323 4681 receptum,
1342 4619 1371 4662 ut
1388 4623 1553 4662 euccesaoeea
1570 4605 1655 4671 leudi,
1672 4605 1777 4677 quoties
1802 4605 1837 4659 ad
1866 4605 1941 4676 ipaoa

1122 4694 1229 4750 leudam
1247 4694 1376 4766 pemenit,
1389 4692 1424 4746 ad
1435 4691 1592 4746 dotalitium
1604 4692 1831 4757 constituendum,
1845 4689 1943 4747 414411

1122 4779 1286 4854 promissum
1304 4777 1386 4834 inerit
1401 4795 1417 4831 a
1434 4775 1531 4830 marito
1548 4775 1604 4830 aiae
1628 4793 1699 4843 non,
1729 4775 1787 4831 siat
1809 4773 1943 4845 obligati,

1123 4865 1216 4936 Gsrpa.
1227 4880 1255 4934 p.
1276 4873 1301 4916 t.
1318 4879 1342 4916 c.
1361 4859 1519 4918 44.4.1.4.
1541 4871 1566 4916 4.
1591 4859 1708 4917 sitam.
1732 4869 1801 4915 aeut.
1822 4871 1847 4914 1.
1866 4877 1942 4914 cons.

1125 4960 1168 5001 11.
1181 4965 1208 5000 n.
1228 4958 1253 5000 1.
1363 4991 1367 4998 .

1162 5030 1214 5086 Sed
1231 5039 1261 5084 nt
1278 5029 1317 5082 ita
1334 5026 1486 5086 dotalitium
1504 5045 1519 5080 a
1537 5027 1635 5082 marito
1653 5030 1694 5082 sel
1711 5029 1768 5098 eius
1792 5041 1942 5082 successore
1984 5061 2011 5103 ,4

198 5145 209 5186 ¹
250 5094 336 5199 Inter
351 5144 408 5211 juta
427 5135 582 5200 muliebria,
602 5149 669 5204 quae
685 5127 775 5184 4114414
795 5127 931 5182 nobilibus
944 5141 977 5178 ex
990 5123 1075 5178 banio
1126 5109 1588 5182 4444411444441144144,4444141144,
1607 5111 1702 5166 41104
1726 5110 1837 5166 millet·
1862 5111 1945 5176 1411411

252 5237 280 5283 41
298 5222 465 5280 facultatum
482 5219 666 5273 deiunctorum
686 5215 842 5268 maritorum
857 5211 993 5276 debentur,
1007 5208 1076 5264 haud
1126 5200 1214 5264 111114.
1229 5197 1301 5268 qaod
1321 5197 1414 5263 ⁰¹⁰t'i,
1432 5207 1517 5268 utpote
1534 5195 1565 5250 in
1582 5211 1615 5250 44
1630 5211 1659 5250 44
1672 5194 1816 5262 laudanti,
1831 5196 1946 5266 pmbare

199 5320 212 5360 t
253 5310 397 5365 minimum
415 5315 455 5360 est
474 5302 643 5367 dotalitium,
660 5297 788 5353 German.
801 5297 989 5370 Leibpedinge:
1003 5291 1077 5365 quod
1127 5283 1274 5348 incumbit,
1292 5280 1336 5334 dn.
1355 5283 1464 5336 Proetus
1477 5289 1554 5338 44444.
1567 5279 1600 5336 414
1609 5281 1772 5338 4444444441
1786 5283 1946 5352 1444414444.

248 5395 313 5449 11441
331 5395 389 5462 jure
407 5385 505 5443 feodali
525 5386 562 5439 411
578 5383 763 5456 incognitum,
781 5391 899 5436 attamen
922 5379 1078 5434 motibnoet
1128 5377 1152 5419 ⁵·
1171 5377 1262 5422 4411·
1281 5372 1303 5430 §-
1324 5380 1347 5422 1.
1366 5363 1492 5436 0444444.
1509 5383 1538 5434 ρ.
1558 5375 1582 5418 4.
1605 5382 1630 5419 4.
1658 5373 1699 5419 44.
1717 5365 1744 5420 d.
1765 5375 1791 5417 1.
1817 5363 1945 5434 Kappeu.

253 5472 445 5532 consuetudine
463 5472 502 5524 ita
520 5465 695 5524 introductum
713 5476 769 5533 eat,
788 5475 819 5521 ut
837 5465 915 5520 uidua
941 5481 990 5536 pso
1016 5460 1077 5520 ,1414
1129 5449 1222 5508 decad
1239 5449 1358 5508 annuet
1383 5459 1405 5500 t.
1423 5466 1451 5500 n.
1470 5447 1581 5504 satta
1592 5446 1947 5504 441444441144444144444
1989 5493 2017 5534 tt

253 5557 423 5613 1114144414
439 5555 585 5610 utilitatem
604 5551 676 5606 14411
695 5567 837 5617 44444444,
855 5554 897 5622 ius
922 5547 995 5602 istud
1020 5543 1077 5599 exi·
1127 5537 1257 5609 probandi
1276 5535 1348 5592 dotis
1365 5534 1513 5591 illationem
1530 5535 1586 5588 aula
1608 5534 1700 5590 maattl
1723 5531 1875 5598 4444144414,
1901 5529 1949 5582 tu·

255 5641 454 5714 4444114144,
474 5637 602 5712 Kappen.
620 5635 716 5695 decad.
739 5650 763 5692 4.
775 5635 863 5692 enucl.
882 5643 903 5688 t.
918 5634 1004 5687 4444.
1018 5628 1080 5683 Ber·
1127 5622 1212 5676 41444.
1229 5617 1397 5692 4444141445.
1416 5616 1510 5674 ondit.
1529 5635 1591 5690 cop.
1610 5631 1634 5674 4.
1652 5627 1716 5674 sect.
1737 5632 1760 5676 4.
1780 5635 1808 5674 a.
1824 5615 1947 5674 441144-
