4348 6282
166 309 234 382 ..2,
467 307 516 364 ns
534 307 711 366 nsttnnus
731 309 890 366 2222222
909 269 1124 368 nummum
1141 299 1450 364 conscensurus.
1680 311 1747 372 1070

3 481 4 484 Ἴ
111 409 274 463 mittendum
295 408 477 474 decreverint.
497 409 552 463 uisi
571 421 645 462 aetus
656 412 797 462 continuus
812 409 893 462 iuerit
905 421 933 462 et
984 427 1046 463 voe.
1059 411 1141 464 222222
1153 409 1297 462 2222222222.
1308 407 1376 458 2222.
1389 403 1480 470 uilius
1493 401 1577 456 iubae.
1588 399 1608 453 i.
1624 409 1645 452 t.
1657 397 1697 452 tit.
1713 411 1737 454 2.
1748 409 1800 452 urs.

110 507 217 562 tetuper
236 511 415 562 permanens,
433 510 492 561 urg.
511 493 531 544 1.
560 501 634 557 222.
651 507 674 546 2.
683 491 726 562 ff.
743 493 775 548 22
793 494 849 548 dol.
872 513 933 548 2222.
989 508 1011 546 2.
1025 510 1051 544 n.
1067 490 1368 562 tt.etseq.Tbolosan.
1387 484 1414 536 u
1433 486 1451 537 2.
1472 505 1499 538 22.
1515 493 1640 550 222222.

3 599 4 616 ¹
113 589 172 630 222.
185 575 376 645 cup.t.Ccui.
395 577 499 631 Goden.
517 575 544 628 d.
563 591 696 631 ecnust.
708 597 736 631 22.
754 591 794 631 22.
813 579 886 633 Gaii.
902 581 935 634 22
1023 577 1131 630 Plenius
1149 593 1209 630 aero
1227 573 1305 628 rebus
1323 566 1597 626 ciuitatisoousulturi
1608 603 1617 631 ,
1635 563 1799 636 praesidium
1842 584 1872 626 rr

108 683 135 734 p.
148 684 175 731 p.
190 665 314 735 l.2.eup.
330 675 355 716 s.
369 683 397 716 22.
411 663 572 718 20222222
582 683 658 730 proc.
670 677 824 733 creec-port.
838 677 862 719 2.
875 685 934 738 cup.
986 659 1095 714 inuov.
1125 673 1184 713 222.
1201 656 1382 730 quaerendum
1401 671 1460 708 esse
1478 660 1641 720 suggerunt,
1668 647 1737 718 quod
1757 648 1805 702 illa

117 745 351 815 t.rt.ttt.Quod
370 746 474 798 siaero
492 747 623 800 2222221222
642 748 739 818 purtim
760 765 821 810 suu,
842 750 934 818 partim
987 763 1040 798 uon
1059 746 1144 798 solum
1161 761 1253 796 omnes
1279 739 1410 810 simplicis
1430 735 1559 789 cessionis
1578 733 1705 798 effectus,
1735 732 1804 786 salta

3 863 4 870 .
110 831 232 886 iortunse
245 831 326 895 titio,
345 828 376 882 ad
395 829 491 882 inritas
507 831 642 884 reductum
660 849 718 884 esse
736 844 868 901 appareat,
882 851 934 886 non
988 839 1075 882 tannen
1093 842 1118 884 et
1135 831 1235 898 integra
1252 845 1299 899 per
1318 825 1409 878 omniu
1427 818 1642 882 existimatione,
1667 815 1806 876 insultat,
1889 847 1893 858 .

3 923 4 930 ’
111 917 275 988 simpliciter
293 916 413 968 esnadem
432 915 481 968 isco
499 915 612 985 aliisque
635 913 774 969 beneficiis
799 917 935 986 indiguam
987 914 1033 968 sed
1053 925 1079 968 et
1098 915 1210 985 iusuper
1224 913 1322 985 pingue
1341 905 1532 978 competentiae
1558 899 1719 954 beneficium
1738 917 1805 953 cou-

3 1013 4 1040 1
110 1017 171 1053 curn
192 1000 311 1055 Stracclr.
327 997 353 1050 d.
366 1010 400 1052 22.
420 1000 453 1052 de
472 999 607 1052 22222222.
624 1010 695 1068 port.
716 1012 740 1052 2.
759 1018 787 1052 n.
808 1012 832 1052 2.
845 1001 872 1054 iu
881 1001 935 1072 fiu'.
987 998 1069 1062 22222,
1088 999 1127 1052 22ιί
1146 1015 1179 1052 ex
1197 1000 1222 1053 ai.
1246 1013 1312 1053 22222.
1338 993 1451 1065 probare
1468 998 1575 1042 conatur
1592 987 1680 1038 222222..
1698 986 1724 1038 d.
1743 985 1760 1036 i.
1779 983 1806 1037 22.

109 1088 198 1140 diune.
216 1085 245 1138 2.
263 1099 297 1138 rr.
317 1085 371 1138 dec.
392 1096 416 1137 2.
428 1104 454 1153 p.
471 1098 494 1136 2.
508 1105 536 1140 22.
553 1097 594 1138 22.
614 1087 741 1156 stephan.
760 1089 790 1139 itt
801 1105 864 1140 2222.
879 1100 936 1143 222.
988 1099 1010 1137 e.
1025 1093 1050 1134 2.
1063 1093 1165 1152 quaest.
1179 1093 1202 1134 2.
1216 1101 1246 1134 22.
1259 1091 1303 1133 22.
1316 1089 1342 1133 22
1359 1094 1415 1147 seq.
1431 1077 1533 1128 Verum
1552 1087 1601 1124 nee
1619 1069 1688 1124 istud
1706 1065 1807 1122 beneit-

111 1185 176 1225 tt·t·
195 1171 363 1240 iudicamus,
382 1187 472 1224 rerum
494 1167 634 1238 prudentis
656 1171 752 1239 judicis
771 1173 938 1235 arbitrique
989 1167 1059 1218 cium
1077 1165 1175 1220 cialtati
1209 1165 1274 1219 satis
1300 1173 1383 1216 tutum
1402 1175 1461 1213 esse
1485 1155 1604 1212 ridetur.
1628 1152 1714 1206 Verba
1735 1153 1807 1206 enim
1846 1179 1877 1217 ,5

109 1256 244 1326 inquirat,
263 1273 296 1309 111
315 1255 416 1307 1011111111
436 1254 571 1318 filiium,
590 1272 623 1308 tu
644 1255 739 1310 titium
754 1257 935 1329 eulpacprae·
989 1251 1089 1304 dnos.
1108 1247 1223 1320 penitius
1242 1245 1436 1317 inspicientes,
1463 1241 1534 1294 nibil
1559 1238 1632 1293 aliud
1652 1241 1679 1294 iu
1698 1239 1743 1291 ills
1762 1237 1810 1290 de·

3 1375 4 1378 =
110 1341 258 1414 ponderet,
275 1339 460 1408 relinquimus.
989 1334 1120 1391 bitoribus
1144 1332 1304 1387 eslumitosis
1328 1330 1469 1382 remissum
1496 1322 1629 1376 cernimus
1642 1359 1651 1388 ,
1676 1339 1755 1391 quam
1775 1337 1809 1374 ne

147 1423 209 1476 Non
228 1425 313 1476 solum
333 1436 417 1477 autem
437 1421 620 1475 baeindociae
644 1425 822 1495 aprincipe,
848 1424 892 1478 222
910 1435 937 1478 22
989 1403 1808 1481 adcurrereseritandosignominiosomoessionisremedium

3 1527 4 1596 l
112 1508 145 1558 sb
165 1507 233 1576 ipsis
251 1503 446 1568 eruditoribus,
465 1504 576 1560 civitati
595 1509 705 1559 concedi
726 1517 856 1576 possunt,
875 1524 937 1575 quus
989 1503 1111 1571 arripere
1128 1508 1266 1570 cogantur.
1283 1513 1345 1566 urg.
1369 1495 1447 1548 rubr.
1466 1489 1493 1544 d.
1511 1497 1646 1544 22222222.
1662 1498 1685 1539 2.
1711 1487 1756 1540 ibi.
1774 1505 1809 1540 rte

112 1592 134 1642 si
156 1594 240 1659 major
259 1607 306 1662 pro
325 1591 403 1642 modo
422 1591 507 1642 debiti
527 1601 554 1642 et
571 1591 856 1644 nomerocreditorum
878 1607 938 1660 pers
988 1587 1136 1657 opprobrio
1160 1579 1330 1654 ignominiae
1354 1575 1499 1646 (cessionis
1525 1572 1580 1642 sc.)
1598 1573 1636 1626 ud
1657 1579 1811 1622 exercitium

114 1677 290 1738 concesserit,
311 1673 408 1744 reliqui
426 1673 458 1726 ad
478 1675 700 1728 consentiendum
719 1675 797 1728 inriti
815 1677 938 1746 compelli
988 1673 1112 1740 inopium
1137 1679 1279 1739 coguntur.
1302 1665 1340 1716 Ut
1357 1671 1444 1715 sutem
1463 1658 1516 1712 alio
1533 1655 1613 1708 modo
1631 1651 1661 1706 id
1677 1651 1747 1722 qnod
1766 1669 1808 1704 sn·
1870 1697 1879 1720 ‚

3 1783 4 1804 1
119 1769 247 1829 2101211111.
260 1757 339 1834 dfin-
350 1759 440 1828 ibique
451 1759 495 1812 dd.
512 1777 536 1812 c.
548 1757 670 1830 qut'dou.
681 1759 817 1826 cedron.
833 1760 928 1812 Welm
989 1765 1094 1822 petest,
1113 1752 1258 1806 creditores
1282 1745 1409 1815 consequi
1427 1757 1481 1796 non
1499 1740 1617 1811 possint,
1636 1739 1682 1791 sel
1702 1734 1808 1789 debito-

113 1847 175 1900 ui·
197 1845 416 1915 2222222222.
436 1856 586 1914 2222222.
607 1844 728 1898 sienim
749 1846 834 1912 major
851 1843 937 1897 credi·
990 1837 1065 1892 ribus
1088 1836 1236 1891 necesssrio
1259 1831 1386 1887 alimenta
1411 1826 1528 1895 relinqui
1555 1823 1687 1888 debeant,
1716 1823 1750 1875 de
1778 1837 1810 1873 eo

3 1929 4 1932 ’
116 1941 203 1984 taum
224 1945 283 2000 pars
302 1940 408 1997 purtem
435 1929 544 1994 debiti,
562 1931 592 1980 in
612 1929 803 1999 praejudicium
824 1929 937 1983 minoris
990 1922 1061 1974 nihil
1080 1921 1182 1974 ibidem
1199 1918 1377 1972 constitutum
1398 1911 1549 1981 reperitur,
1569 1909 1624 1960 imo
1643 1904 1808 1960 centensium

113 2013 201 2085 partis
219 2012 357 2065 remittere
383 2023 493 2083 potest,
512 2023 541 2065 ut
560 2012 632 2066 inira
652 2013 777 2077 dicetur,
800 2013 893 2083 quidni
913 2023 938 2068 et
991 2005 1079 2075 potius
1098 2007 1156 2072 ejus
1173 2004 1253 2056 rerba
1271 2001 1395 2069 prcltaut.
1413 1995 1544 2050 iubentur
1559 1991 1599 2044 ibi
1613 1991 1687 2044 enim
1706 1988 1808 2042 debito·

113 2097 257 2152 2222222222
276 2096 432 2150 dilationem
452 2097 537 2150 inrita
550 2107 628 2166 perte
642 2097 740 2148 ntlnort
753 2097 817 2150 dare
829 2095 939 2152 valeret?
991 2107 1033 2144 res
1051 2089 1147 2142 22222222
1165 2087 1266 2158 copiam
1279 2085 1399 2150 eiurare,
1412 2080 1432 2130 i.
1445 2095 1467 2132 e.
1480 2091 1595 2146 separes
1614 2089 1668 2126 non
1687 2088 1743 2126 esse
1754 2072 1809 2124 aeri

2 2210 5 2235 t
114 2184 183 2236 Gitm
201 2179 305 2244 ei,cui
325 2182 383 2250 plus
403 2182 561 2251 licet,quod
575 2179 937 2250 miuusest,denegarinou
991 2176 1093 2242 slietm,
1115 2171 1181 2227 sdeo
1199 2181 1229 2224 nt
1245 2181 1271 2224 et
1288 2169 1404 2222 actiones
1418 2164 1485 2235 ipsis
1507 2169 1687 2230 competentes
1700 2167 1810 2210 2222222-

116 2265 230 2334 12959112
246 2261 412 2332 inst-1¹⁶
425 2283 477 2338 r.)
492 2281 552 2336 sap·
573 2277 614 2317 22.
635 2264 693 2320 eod.
715 2265 744 2318 in
767 2283 790 2322 2.
809 2265 881 2320 coni.
895 2265 938 2320 Si·
991 2260 1119 2329 petiturus
1132 2255 1274 2310 creditores
1293 2251 1427 2304 vindicare
1441 2246 1552 2320 possint.
1567 2243 1693 2312 Nihilque
1708 2241 1810 2296 ibidem

3 2379 5 2410 t
115 2349 242 2402 montell.
259 2348 294 2402 de
305 2347 402 2404 222222.
414 2349 445 2402 in
457 2365 532 2404 cous.
547 2347 613 2401 min.
629 2347 787 2420 inprursnt.
799 2367 873 2402 num.
899 2361 937 2401 22.
992 2353 1098 2415 praeter
1117 2342 1184 2394 ltoua
1203 2338 1294 2393 uxoris
1314 2335 1465 2404 excipitur,
1482 2329 1701 2398 exeeptioautem
1720 2323 1810 2380 lirmut

114 2430 239 2486 Slfloeh·
255 2431 284 2483 d·
301 2441 335 2483 Τ·
352 2451 378 2500 p.
394 2443 422 2482 ⁸·
443 2432 531 2484 Mm-
548 2430 574 2484 d·
594 2432 612 2484 ἱ.
633 2451 658 2504 q·
680 2444 720 2485 22.
741 2431 937 2488 statuerunt.
991 2428 1108 2497 regulam
1122 2425 1151 2478 in
1163 2423 1267 2478 casibus
1278 2437 1332 2474 non
1344 2417 1467 2488 exeeptis.
1479 2412 1558 2466 Coni.
1572 2412 1809 2466 Rittersltusmom·

3 2549 4 2556 .
110 2527 146 2570 tr.
162 2527 181 2570 t.
197 2533 221 2572 e.
233 2517 320 2572 222222.
337 2529 376 2569 22.
388 2535 417 2568 22.
433 2531 454 2572 2.
468 2527 494 2570 22
511 2533 568 2587 seq.
588 2515 675 2570 Coler.
691 2533 763 2583 pme.
784 2536 862 2572 22222.
873 2538 899 2585 p.
917 2533 938 2573 2.
992 2521 1072 2564 ment.
1085 2509 1113 2562 in
1126 2525 1194 2562 22222.
1204 2525 1231 2578 p.
1246 2518 1271 2560 2.
1283 2523 1340 2574 cup.
1355 2517 1396 2556 22.
1407 2518 1434 2552 22.
1451 2511 1476 2550 2.
1490 2497 1619 2551 Gudelin.
1638 2493 1672 2548 22
1684 2495 1742 2568 jur.
1763 2513 1812 2548 222·

111 2621 177 2674 unp.
197 2614 222 2655 2.
239 2619 269 2654 22.-
292 2615 331 2655 22.
349 2613 375 2654 22
393 2621 448 2674 222.
465 2601 513 2654 ubi
530 2603 612 2658 simul
629 2603 790 2674 exponitur,
808 2603 939 2675 quomodo
990 2597 1057 2650 viss.
1070 2597 1087 2650 i.
1101 2607 1123 2646 2.
1141 2611 1197 2660 cup.
1216 2604 1255 2646 ts.
1268 2609 1296 2642 22.
1309 2602 1350 2644 22.
1361 2585 1458 2642 Tuitus.
1476 2577 1810 2651 aspernamentum

3 2743 4 2752 ,
36 2759 39 2768 Ι
112 2688 203 2754 maior
220 2703 281 2758 pars
299 2685 466 2754 dijudicetur.
990 2682 1033 2735 tte.
1046 2681 1074 2734 in
1085 2675 1241 2751 praefatu.
1254 2687 1278 2730 2.
1292 2675 1349 2726 imo
1370 2681 1428 2725 utut
1445 2667 1618 2722 concedamus
1636 2668 1661 2720 d.
1680 2681 1747 2719 22222.
1767 2665 1813 2718 bo·
1850 2725 1871 2736 ..

158 2773 258 2824 Verum
276 2781 308 2825 ut
326 2771 424 2824 modici
445 2771 575 2841 temporis
594 2787 667 2823 mora
684 2769 864 2825 creditoribus
886 2789 940 2826 non
994 2763 1119 2820 relicinus
1137 2758 1328 2832 competentiae
1344 2755 1492 2818 inrolrere,
1512 2769 1566 2805 uon
1584 2761 1673 2804 tamen
1691 2766 1707 2802 e
1726 2764 1754 2802 re
1772 2748 1810 2798 ci-

118 2857 236 2911 mnltum
252 2853 362 2909 oilicero
380 2855 481 2908 dicitur
498 2859 527 2908 t'n
542 2856 598 2910 tu·
605 2856 728 2910 debitori.
745 2869 787 2908 22.
796 2857 839 2926 ff.
852 2859 887 2912 de
890 2860 940 2932 ju·
992 2849 1083 2908 sitatis
1100 2849 1162 2904 setis
1181 2847 1269 2909 iuret,
1294 2844 1344 2897 tub
1368 2835 1547 2902 difficilibus,
1575 2853 1640 2906 quas
1666 2835 1730 2888 haec
1750 2851 1809 2888 nor·

115 2942 172 2994 clais.
192 2941 237 2996 Sic
255 2940 346 2995 eadem
359 2939 456 2994 civitati
467 2939 617 3004 obseratae,
631 2942 706 3006 cujus
723 2956 766 2993 res
783 2941 939 3011 quandoque
992 2934 1163 3005 praeseribit,
1181 2926 1383 2984 conditionibus
1400 2938 1526 2993 quaerere
1545 2920 1589 2986 id,
1608 2919 1640 2970 nd
1658 2917 1727 2989 quod
1746 2917 1811 2970 isci-

113 3028 185 3080 rdeo
203 3035 268 3080 suut
285 3025 458 3096 desperetur,
483 3035 513 3077 ut
539 3025 595 3076 illis
613 3025 658 3077 sia
677 3027 816 3090 seculum,
841 3026 940 3080 nedum
992 3019 1107 3086 llorjam
1127 3015 1182 3083 ipsi
1201 3003 1685 3084 22222221111211111112111911102022111
1704 3003 1813 3057 distillo

110 3113 249 3166 tantillum
270 3110 397 3181 terrtporis
411 3109 511 3163 mederi
526 3112 624 3175 222222,
637 3109 795 3180 praesertim
815 3109 895 3162 rebus
908 3111 937 3162 in
993 3099 1017 3154 2.
1029 3107 1063 3152 22.
1074 3095 1154 3150 decis.
1170 3107 1194 3146 t·
1207 3102 1311 3164 quaest.
1326 3103 1349 3144 2.
1363 3108 1392 3143 22.
1409 3100 1430 3140 2.
1449 3087 1574 3158 pinguius
1593 3085 1628 3138 sit
1646 3081 1809 3140 beneficium

108 3200 194 3264 erius
213 3195 306 3248 indies
323 3194 478 3260 ruentibus,
497 3212 590 3264 paruus
610 3193 749 3247 solaminis
767 3193 861 3247 2222222
878 3209 938 3264 pus-
994 3181 1199 3254 competentius,
1217 3193 1295 3246 quant
1316 3171 1462 3228 remedium
1481 3187 1547 3223 nov.
1564 3183 1620 3223 tte.
1639 3170 1677 3224 Ut
1698 3180 1812 3234 taceam,
1865 3223 1866 3226 ,

110 3281 162 3332 sit.
185 3279 257 3330 lttnc
276 3279 309 3331 22
326 3279 389 3332 eliis
405 3278 547 3342 remediis,
567 3277 653 3349 ipsius
671 3277 746 3332 saluti
766 3287 792 3328 et
811 3275 940 3346 tranquil·
992 3270 1156 3325 unctionem
1173 3265 1242 3316 benc
1254 3259 1446 3332 justinianeum
1458 3277 1473 3308 a
1487 3253 1578 3308 multis
1590 3253 1634 3306 dd.
1655 3254 1682 3306 itt
1702 3252 1814 3306 dubium

111 3361 189 3414 222222
203 3361 341 3414 liberalius
353 3360 562 3426 consulentibus,
576 3361 628 3431 ipsi
644 3358 867 3431 prospiciendum
879 3360 939 3412 erit.
993 3352 1094 3416 vocari,
1114 3367 1172 3404 2222
1192 3361 1326 3416 nouqusm
1339 3359 1388 3396 uso
1407 3349 1538 3410 recepiant
1552 3355 1622 3402 esse,
1637 3337 1815 3392 asserentibus

112 3445 236 3498 Exhibet
253 3444 360 3513 quidem
380 3461 409 3498 se
428 3445 511 3499 cessio
529 3445 675 3510 bonorum,
694 3443 899 3511 liberationem,
915 3446 938 3498 si
994 3443 1082 3496 Peren·
1099 3435 1138 3492 ud
1148 3435 1222 3488 tite.
1235 3431 1281 3503 qui
1292 3429 1356 3482 don.
1374 3423 1429 3482 cut
1441 3441 1514 3496 poss.
1528 3441 1556 3476 n.
1571 3435 1595 3477 2.
1615 3423 1814 3490 Groeuenegen

48 3593 51 3599 y
114 3548 171 3582 uun
194 3529 266 3582 sliud
289 3529 390 3600 eiritsti
406 3539 539 3600 proestare
551 3537 657 3598 potest,
676 3546 690 3580 a
709 3527 871 3581 creditorum
884 3545 939 3580 mo·
992 3523 1056 3594 (qui
1076 3533 1163 3576 tamen
1181 3518 1210 3570 iu
1228 3512 1388 3584 abrogandis
1414 3507 1630 3578 corrigendisque
1657 3505 1758 3576 legibus
1775 3503 1813 3558 ia·

110 3613 204 3668 lestiis
222 3614 374 3685 spondeus,
391 3627 459 3683 quae
477 3611 556 3666 sicuti
574 3612 700 3666 ecclesius
718 3623 743 3664 et
760 3610 857 3664 minori
876 3627 939 3664 con-
992 3609 1129 3672 uillitnus)
1147 3616 1182 3658 tr.
1201 3604 1233 3656 22
1257 3601 1286 3652 22.
1305 3599 1400 3666 ubrog.
1426 3596 1463 3649 ud
1484 3594 1511 3647 22.
1536 3608 1602 3644 nov.
1622 3591 1711 3644 Strus.
1726 3590 1815 3663 s.1'·e.

112 3697 239 3763 “eduliis
258 3713 316 3766 ⁰¹¹3·
329 3713 352 3750 2.
369 3695 525 3750 0222222222.
537 3708 559 3748 2.
572 3692 607 3743 Χ.
624 3693 656 3747 de
667 3690 797 3746 solution.
811 3707 835 3744 r.
846 3711 939 3765 perte·
992 3709 1082 3747 exere.
1096 3701 1137 3742 tt·
1148 3687 1185 3742 tit·
1199 3699 1241 3741 st.
1253 3694 1280 3738 el
1292 3699 1371 3752 quem
1389 3677 1499 3746 alleget,
1512 3673 1624 3726 2222222.
1638 3672 1696 3724 uui.
1712 3682 1736 3722 2.
1749 3670 1814 3736 disp.

109 3783 164 3836 aie.
177 3791 201 3832 2.
214 3781 293 3834 rtur
294 3777 420 3852 fidejusr.
433 3779 541 3832 Brunus
556 3779 583 3832 d.
595 3777 752 3830 indecem.
767 3775 861 3830 donor.
875 3797 902 3848 q.
915 3789 938 3830 2.
995 3775 1089 3828 22212.
1116 3783 1139 3826 2.
1165 3772 1206 3824 lit.
1225 3768 1250 3824 2.
1268 3766 1314 3820 ubi
1335 3756 1637 3816 eamsrecentioribus
1655 3771 1688 3808 ex
1707 3753 1816 3810 Graecis
1855 3779 1885 3818 4,

109 3881 136 3924 22
155 3880 178 3922 2.
191 3887 238 3938 qu.
248 3876 333 3938 quurt.
345 3868 434 3936 priue.
444 3863 568 3917 2222222.
581 3863 615 3917 de
628 3882 654 3914 2.
661 3862 689 3933 j.
701 3881 726 3930 q·
738 3862 757 3915 2.
771 3872 795 3914 2.
808 3877 863 3914 our.
880 3873 937 3918 222.
992 3853 1191 3928 exetuplarllaus
1210 3851 1340 3904 insertam
1355 3879 1364 3910 ,
1391 3842 1507 3912 indeque
1525 3841 1599 3908 eius,
1616 3839 1694 3894 2222222
1714 3837 1812 3908 priscis

111 3973 141 4008 22.
166 3964 206 4006 22.
222 3953 260 4004 ita
273 3967 321 4004 neo
332 3949 449 4015 civitati,
468 3948 492 4000 si
510 3947 603 4002 eadem
622 3941 663 3998 uti
675 3944 749 4011 velit,
770 3947 861 4012 negsri
877 3953 938 4013 pot·
993 3940 1187 4012 interpretibus
1198 3931 1365 4002 incognitae,
1388 3931 1418 3981 in
1438 3927 1496 3980 loro
1513 3927 1558 3978 aix
1577 3925 1708 3978 rationem
1722 3921 1812 3976 2222222

108 4045 168 4100 est,
187 4033 328 4088 Tholosan.
358 4041 430 4104 synt.
451 4031 505 4085 iur.
516 4028 589 4084 unio.
601 4027 743 4095 l.ta.eup.
765 4035 790 4076 t.
803 4043 831 4076 22.
845 4039 870 4078 2.
883 4026 939 4080 Sal·
993 4025 1162 4102 possedieit.
1180 4023 1234 4077 Nec
1252 4028 1389 4091 propterea
1414 4031 1449 4066 ea
1474 4013 1523 4066 istu
1546 4030 1611 4066 2222.
1635 4011 1717 4062 ullam
1742 4008 1815 4061 suth.
1854 4031 1882 4068 rr

110 4121 174 4192 gud.
193 4120 218 4175 d.
231 4129 265 4172 tr.
277 4135 338 4188 cap.
356 4129 377 4169 t.
390 4118 413 4182 §.
427 4127 450 4168 2.
465 4134 493 4166 22.
508 4125 532 4165 2.
551 4111 667 4181 ilennig.
687 4109 790 4164 Godeo.
805 4125 881 4162 conr·
896 4119 939 4162 22.
992 4110 1138 4166 conlectum
1157 4115 1184 4162 et
1201 4106 1229 4158 ll.
1250 4103 1306 4156 cod.
1321 4100 1464 4168 subjectam
1478 4095 1575 4162 luisse,
1594 4095 1742 4166 praemmit
1755 4092 1815 4146 ilit-

113 4195 600 4272 ar.ll.etreq.Zoesiusudtit.ff
623 4194 938 4250 demiserunt,
994 4196 1075 4252 rer-eh,
1092 4195 1136 4250 rit.
1149 4193 1200 4247 lue.
1214 4207 1243 4243 tt.
1257 4201 1280 4242 2.
1295 4184 1399 4256 Quibus
1420 4188 1566 4246 tentemur
1583 4197 1616 4241 22
1629 4177 1815 4249 partedubiee
1854 4191 1884 4228 st

113 4289 242 4346 22222222.
259 4286 287 4349 d,
301 4288 319 4340 2.
338 4304 370 4338 n.
386 4296 426 4336 tt.
444 4285 496 4337 Du.
518 4281 719 4334 Bruuuenaanu.
732 4273 892 4345 inruit-ff.
904 4278 938 4332 22
993 4278 1081 4346 lidei,
1099 4295 1153 4332 non
1171 4271 1383 4333 subscribimus,
1402 4283 1462 4318 enus
1483 4263 1615 4334 perlegis
1634 4262 1803 4314 22222222ιί2

117 4389 185 4430 uere.
198 4373 297 4426 222222.
312 4382 338 4425 2.
357 4370 422 4422 Cum
442 4378 529 4420 tamen
547 4359 710 4418 beneficium
729 4363 780 4416 boc
797 4360 892 4414 flebile
900 4362 939 4415 sit
994 4376 1101 4435 semper
1119 4367 1175 4415 stet
1193 4351 1374 4429 praesumptio
1386 4347 1404 4412 ‚'
1419 4365 1467 4402 nee
1487 4347 1568 4410 hinc,
1585 4344 1656 4416 quad
1675 4361 1737 4398 usus
1755 4348 1812 4411 ejus

118 4469 150 4514 ⁰¹
161 4455 329 4518 ml⁸ertbi¹02
341 4452 362 4504 1·
376 4461 400 4504 ⁸·
415 4447 503 4520 01211·
514 4466 537 4502 0·
548 4447 596 4518 212
606 4447 668 4499 ⁶⁰¹²·
681 4443 738 4501 222·
752 4445 807 4496 5⁸¹⁰
816 4443 940 4498 1222111222
995 4449 1099 4511 rarior,
1117 4445 1151 4499 de
1167 4441 1285 4516 plenarie
1297 4435 1414 4507 eiusdem
1431 4428 1697 4504 abrogationestatitn
1710 4429 1815 4482 conclu·

73 4595 75 4602 .
119 4555 150 4606 et
160 4543 354 4614 quadamtenus
365 4533 582 4608 ignominiosum,
595 4548 666 4586 22222.
681 4540 737 4584 222.
747 4529 825 4602 prist
837 4531 866 4583 iu
878 4547 941 4586 22222
996 4535 1058 4588 dere
1074 4531 1148 4584 lieet.

125 4627 257 4698 Stephani
275 4642 302 4676 22.
325 4632 365 4675 22.
387 4620 490 4673 Bruttus
507 4615 694 4686 2222222222.
715 4626 741 4667 2.
761 4629 893 4684 prmum.
913 4627 938 4666 2.
1031 4619 1171 4671 2122222222
1188 4607 1311 4671 civitati,
1329 4623 1384 4660 non
1403 4597 1815 4671 udnnsaeprirutis,petelaia
1854 4614 1882 4654 22

119 4715 249 4767 miserum
269 4708 368 4761 iaciens
384 4701 549 4766 debitorem,
567 4716 601 4752 ea
620 4717 666 4765 eo,
684 4695 755 4768 quod
773 4706 879 4767 praeter
897 4713 942 4751 22·
996 4696 1157 4775 prorrrsudi
1173 4693 1206 4748 sd
1224 4705 1381 4748 uuneursuua
1400 4683 1645 4753 creditorumque
1664 4681 1703 4736 rie
1719 4682 1814 4736 erden.

41 4847 46 4858 .
123 4811 236 4852 22222222
257 4799 439 4866 paupertatem
458 4795 485 4838 et
504 4782 642 4836 miserium
660 4780 750 4844 nihil,
769 4788 798 4832 st
814 4781 887 4847 juxta
903 4781 941 4849 gi.
997 4784 1031 4838 do
1049 4780 1159 4854 propris
1176 4794 1222 4832 sus
1244 4774 1313 4828 bona
1332 4765 1528 4822 molestissimis
1552 4782 1643 4820 eorum
1668 4763 1811 4820 exactioni·

122 4884 152 4934 222
166 4879 222 4933 22.
234 4891 261 4932 2.
280 4892 313 4928 ne
333 4890 400 4928 unos
419 4868 543 4921 denrrios
559 4864 685 4936 quidem,
704 4863 759 4934 ipsi
777 4863 942 4935 relinquatur
997 4865 1047 4922 bus
1064 4851 1361 4925 liberetut,r.Salgsd.
1381 4851 1414 4906 de
1433 4851 1543 4904 8222222
1561 4849 1588 4902 ti.
1606 4859 1641 4903 tr.
1658 4867 1687 4917 p.
1708 4861 1731 4900 t.
1749 4867 1774 4902 c.
1789 4863 1811 4901 t.

125 4983 185 5037 urg.
198 4967 217 5018 i.
229 4962 278 5034 qui
289 4960 378 5016 bortis.
394 4953 462 5026 &ff
473 4957 534 5013 2222.
546 4951 651 5021 Salged.
669 4950 717 5004 ult.
741 4949 793 5003 iou.
806 4969 867 5021 cup.
880 4955 941 5020 t.§.
998 4968 1027 5008 22.
1041 4958 1084 5001 22.
1095 4956 1121 5002 22
1135 4945 1162 5000 22.
1176 4963 1198 4998 c.
1220 4954 1242 4996 t.
1262 4947 1285 5002 ς.
1304 4950 1328 4991 2.
1346 4951 1395 5007 per
1409 4945 1459 4990 222.
1476 4932 1525 4987 ubi
1542 4932 1575 4985 22
1594 4931 1811 5002 frequentissime

127 5063 153 5105 2.
168 5069 196 5103 22.
218 5059 258 5100 22.
278 5057 301 5101 et
320 5064 351 5098 en
371 5039 424 5096 222
444 5041 638 5100 introductum,
657 5055 708 5108 quo
726 5036 829 5091 debitor
847 5057 861 5090 s
881 5056 944 5108 pue.
996 5032 1075 5107 prasi
1091 5039 1201 5085 testatur
1218 5021 1388 5092 Trentseiuq.
1404 5037 1446 5086 pr·
1464 5017 1552 5072 reni
1575 5030 1599 5072 t.
1616 5017 1656 5072 tit.
1678 5019 1712 5074 rie
1730 5023 1811 5078 solut.

122 5135 166 5188 nis
185 5147 317 5188 2222222222
337 5141 364 5184 22
381 5126 530 5180 debitorum
545 5123 676 5179 molestiis
687 5123 830 5187 liberetur,
849 5124 941 5178 ciritae
997 5117 1077 5173 recol.
1091 5126 1134 5168 22.
1146 5131 1173 5168 22.
1187 5123 1216 5164 2.
1225 5111 1278 5162 Du.
1289 5107 1392 5160 Brunn.
1404 5103 1433 5156 in
1444 5103 1671 5156 concursurum.
1681 5120 1706 5156 c.
1719 5117 1740 5156 t.
1752 5111 1773 5167 ς.
1786 5120 1810 5158 s.

121 5220 223 5275 irustrs
242 5217 275 5272 ad
294 5216 344 5268 boc
362 5205 706 5280 conlugeretbcucficium,
729 5206 880 5276 qurereodo
898 5206 942 5272 id,
994 5205 1061 5256 litut
1077 5209 1165 5254 autern
1183 5195 1228 5250 222
1244 5191 1405 5248 creditorum
1429 5202 1573 5240 ooucursus
1591 5185 1741 5255 simplicem
1761 5189 1810 5240 bo-
1850 5215 1878 5254 μ

120 5325 174 5377 quo
192 5307 246 5374 jam
264 5313 338 5358 antea
363 5301 442 5372 plenu
461 5307 487 5350 et
505 5293 640 5368 pinguiori
659 5295 718 5362 jure
739 5293 843 5361 gaudet.
867 5292 940 5344 ilino
995 5301 1089 5340 norunt
1106 5281 1253 5336 cessionem
1272 5275 1415 5332 inmisere,
1434 5281 1513 5341 etque
1532 5270 1573 5325 sie
1590 5287 1683 5339 perum
1694 5289 1811 5342 mo.

120 5408 156 5442 ne
175 5385 362 5459 disputationis
381 5381 507 5436 terminos
524 5378 640 5432 nimiunn
650 5375 815 5430 excedamus.
829 5393 883 5428 non
896 5376 941 5428 itio
995 5369 1044 5424 dos
1061 5364 1163 5422 22222222
1180 5361 1314 5426 rideatur,
1326 5375 1387 5411 eum
1400 5355 1448 5408 illo
1466 5366 1534 5408 moto
1552 5370 1659 5424 semper
1671 5358 1757 5412 sessio
1768 5375 1810 5413 se·

120 5474 289 5542 generalibus
307 5467 474 5522 decessione
491 5462 622 5514 22222222
641 5459 865 5524 imsnorabituur3
890 5458 940 5512 Vi·
990 5455 1040 5527 qni
1059 5452 1161 5506 debeat.
1182 5450 1214 5503 iu
1233 5445 1322 5500 multis
1341 5453 1448 5506 tamen,
1474 5440 1554 5494 rebus
1575 5439 1677 5498 eisitati
1702 5445 1809 5513 pterim

123 5558 185 5611 ueri
202 5558 247 5610 ittr
266 5561 378 5627 puerunt
387 5545 489 5622 upmld.
507 5545 535 5600 in
548 5545 587 5598 tit.
588 5542 630 5613 ff.
649 5555 676 5599 22
687 5564 707 5598 2.
720 5542 754 5598 de
765 5560 829 5598 cess.
842 5541 941 5596 bonor.
993 5533 1173 5598 consulendo,
1197 5531 1230 5585 ab
1249 5529 1295 5583 ilia
1319 5525 1463 5580 disortium
1481 5522 1555 5578 ireit.
1574 5524 1622 5578 ste
1637 5525 1671 5578 22
1689 5529 1807 5598 priorem
1846 5552 1876 5594 2,

121 5651 149 5694 et
162 5641 192 5694 iu
202 5637 285 5708 §.firr-
300 5636 383 5692 instit.
396 5633 428 5689 aie
439 5629 538 5686 aution-
550 5632 658 5699 puraa'en.
670 5629 751 5682 Brun.
762 5628 787 5681 d.
800 5638 835 5682 tr.
849 5627 938 5678 22222.
993 5619 1138 5674 sessionem
1157 5633 1212 5671 non
1228 5611 1381 5667 admittitur
1399 5608 1522 5672 debitor,
1535 5609 1588 5661 nisi
1601 5631 1615 5663 a
1627 5612 1807 5672 creditoribus

121 5729 193 5784 2222.
206 5730 260 5784 dec.
278 5737 300 5778 2.
312 5743 355 5797 qu.
374 5735 394 5776 2.
408 5733 502 5790 etseq·
515 5717 580 5772 icit.
597 5717 682 5772 vum.
702 5711 793 5784 differ.
812 5721 862 5768 2222.
872 5712 935 5780 scr·
994 5709 1156 5760 molestatus.
1175 5699 1219 5754 tt
1233 5712 1389 5753 concursum
1408 5708 1482 5759 asto,
1499 5693 1713 5769 quandocumque
1726 5701 1810 5770 tub«,
