4476 6274
217 298 266 356 bit

163 389 338 472 principalis,
352 387 409 445 sive
419 397 506 462 postea
516 384 653 458 negotium
671 385 719 438 ravi
738 381 844 442 babeat,
860 379 915 432 sive
927 392 988 428 non:

102 507 132 552 μ
171 482 190 535 l.
204 481 309 536 unse-c.
322 475 488 529 deratiaiot.
505 471 581 526 Licet
593 469 685 542 praxis
703 470 731 521 in
752 465 884 520 ιιιιιιιιίι
902 463 990 532 priva·

168 575 258 618 torovn
276 561 351 614 illam
368 557 509 610 clausulam
523 554 615 610 lecerit
626 551 815 612 necessariam,
829 548 874 600 ιιι.
888 547 991 598 Brunn.

169 661 290 718 process.
308 641 381 696 civil.
399 657 422 693 c.
445 651 467 690 t.
486 655 514 690 rr.
536 649 580 690 ts.
596 635 692 706 infin.
712 635 805 702 Carpe.
822 646 938 700 process·
952 631 994 682 tit.

174 743 199 782 ι.
213 738 269 782 art.
285 739 306 780 ι.
319 743 347 778 n.
361 735 406 776 ts.
424 723 500 776 stoa
518 730 545 774 ct
563 721 593 772 in
611 719 727 791 publicis
745 719 830 770 causis
847 717 992 784 legatorum

171 814 293 864 conclusa
305 823 397 876 regum
412 806 616 877 principumque
628 803 789 858 mittentium
803 799 994 852 ratihabitione

102 925 134 970 η
172 891 274 946 firmari
292 892 385 944 solent.
409 891 483 959 Quae
508 889 661 942 ratihabitio
685 889 726 941 vel
750 885 912 956 simpliciter
931 881 991 934 beri

172 977 257 1032 snesit
274 976 325 1029 hoc
343 974 439 1041 modo,
458 983 488 1028 ut
502 973 573 1044 quot
598 991 612 1024 ι
631 973 723 1040 tegatis
741 972 771 1024 ia
799 967 870 1042 pacis
888 967 993 1035 negotio

169 1063 337 1126 conclusum,
356 1075 419 1112 mox
438 1071 525 1111 ratutn
544 1065 570 1111 ιι
589 1069 694 1125 gratum
714 1055 854 1118 habeatur,
873 1055 951 1124 quale
966 1071 993 1107 c-

171 1147 309 1217 uempiam
329 1146 357 1196 in
376 1143 531 1198 tractatibus
544 1143 620 1212 pacis
637 1149 888 1199 caesareo-suecicis
906 1149 938 1200 ιι
950 1163 992 1199 ιι.

175 1241 251 1286 ιιιι.
270 1228 461 1300 conspicuum,
475 1225 521 1278 ubi
541 1227 632 1298 regius
652 1227 762 1282 sueciae
779 1229 902 1300 sequenti
920 1245 994 1282 man·

173 1316 234 1368 dato
258 1314 357 1382 legatos
382 1328 443 1365 snos
468 1313 607 1366 dominum
630 1313 778 1367 Oseustirn
802 1326 829 1367 ct
855 1315 995 1368 dominum

174 1399 293 1454 Salvium
312 1398 492 1450 instruxerat:
511 1397 565 1448 Eis
581 1397 691 1466 plenam
710 1415 743 1450 ac
761 1408 860 1452 tantae
879 1404 922 1454 rei
939 1403 997 1472 tres·

162 1481 308 1554 ficientem
318 1474 480 1553 potsstmem
492 1479 648 1544 tribuimus,
669 1492 699 1534 ut
716 1501 777 1534 curn
796 1483 844 1548 iis,
864 1503 998 1554 puoseoe-

172 1582 252 1622 surea
264 1569 394 1637 majestat
407 1567 446 1620 acl
455 1568 524 1620 banc
534 1581 591 1620 rem
609 1567 735 1634 legitimis
754 1585 787 1620 ac
804 1571 999 1642 srffcierttibus

176 1653 313 1706 mundatis
325 1668 357 1704 aa
368 1652 861 1722 plenipotentiuinstructosconstituit
874 1666 923 1709 ιιι
935 1675 1000 1709 eon-

178 1735 286 1790 stituere
301 1735 413 1804 poterit,
431 1737 640 1802 commissoriis,
659 1739 707 1790 cel
719 1739 772 1805 ipsi
788 1740 830 1790 acl
843 1757 894 1809 per
904 1741 999 1793 subele-

179 1819 283 1892 iepatos
297 1835 363 1872 suos
379 1819 607 1889 congrediantur,
626 1829 759 1887 tractent,
784 1833 886 1891 agant,
906 1834 932 1876 et
948 1833 1001 1874 sta-

179 1915 258 1960 tuunt
275 1907 308 1958 de
325 1905 390 1971 viis,
408 1905 502 1960 mediis
521 1923 555 1959 ae
571 1905 773 1962 condatensem
790 1911 931 1975 amoribus,
946 1909 1003 1980 qoi-

180 1992 227 2046 bus
241 1992 395 2063 propositus
412 1992 537 2060 utrinque
554 2009 654 2061 scopus
671 1997 811 2048 amicitiae
827 1997 957 2051 nimirum
977 2008 1002 2049 et

178 2073 255 2142 pacis
273 2073 466 2144 redintegratio
486 2075 605 2130 obtineri
622 2095 655 2130 ac
672 2079 793 2132 stabiliri
809 2081 904 2148 possit.
922 2086 1002 2150 Quic-

181 2161 248 2231 quid
263 2163 348 2231 igitur
363 2163 429 2214 dieti
445 2163 528 2233 legati
538 2165 626 2218 nostri
636 2181 698 2218 astru
711 2169 825 2220 alterins
835 2169 921 2239 partis
932 2189 1004 2224 cons-

183 2247 319 2302 missariis
337 2259 387 2302 aut
404 2265 497 2301 eornm
515 2250 690 2319 subdelegatis
707 2251 736 2303 io
756 2255 827 2304 hane
834 2252 927 2323 finem
950 2257 1006 2311 siae

181 2351 231 2400 per
251 2351 280 2386 rs
296 2331 351 2387 siae
368 2351 420 2403 per
437 2335 625 2404 subdelegatos
642 2352 707 2390 suos
725 2342 922 2405 tractaverint,
947 2359 1006 2410 ege-

184 2417 242 2470 rint
260 2435 293 2471 ac
310 2417 471 2485 statuerint,
497 2438 555 2472 non
580 2421 706 2474 obstante
725 2423 840 2475 alterius
865 2424 1005 2493 absentia,

183 2500 281 2553 morbo
295 2511 342 2556 ιιι
353 2503 410 2556 alio
422 2505 503 2576 proci
513 2505 725 2574 impedimento,
745 2509 776 2560 id
791 2527 843 2561 nos
861 2511 940 2562 omisi
951 2529 1005 2562 me·

184 2583 251 2638 licrt'
267 2585 347 2640 modo
366 2599 456 2642 ratum
472 2599 632 2660 gratumque
644 2592 794 2658 babituros,
806 2595 898 2663 as'gare
908 2594 1004 2648 hortem

183 2671 260 2738 regia
277 2680 303 2722 et
320 2671 478 2726 inviolabili
480 2673 544 2742 fide
559 2676 751 2741 promittimus.
771 2677 881 2730 Similes
900 2679 1004 2730 clausu·

184 2755 226 2808 ias
243 2757 445 2812 ratihabitorias
464 2761 602 2812 adsertore
619 2761 683 2814 licet
701 2763 730 2813 in
749 2761 904 2816 tractatibus
916 2779 1004 2815 succo·

185 2839 322 2908 polonicis
341 2841 375 2894 ιι
390 2859 434 2893 ao.
457 2853 533 2896 teto.
552 2844 632 2896 sicuti
658 2845 750 2897 sidere
768 2855 810 2898 est
827 2845 897 2915 apud
922 2845 1004 2896 Mich.

186 2921 261 2995 Casp.
280 2925 412 2997 Londcrp.
431 2926 476 2980 lib.
497 2941 521 2980 ι.
538 2938 622 2981 ιιιοι.
640 2929 711 2994 publ.
723 2947 745 2982 c.
767 2941 789 2982 ι.
802 2933 831 2982 in
840 2927 898 3000 fin.
920 2930 1005 2981 luter-

187 3007 251 3062 viutn
268 3027 331 3064 vero
348 3012 503 3065 mettvletnm
523 3013 561 3066 its
580 3015 693 3068 formari
721 3016 803 3081 solet,
824 3027 848 3080 ut
866 3026 926 3084 post
944 3033 1006 3068 con·

186 3092 285 3144 clusam
304 3095 376 3148 inter
394 3099 493 3166 legatos
506 3115 598 3168 pacem
612 3112 710 3154 certum
724 3111 827 3171 tempus
840 3103 1007 3170 exprimatur

185 3193 238 3247 quo
256 3179 419 3250 principales
437 3199 529 3236 eorum
543 3183 574 3234 ιι
588 3183 774 3238 ιιιίιὶιιιιιηι
789 3184 873 3236 selint
892 3201 947 3237 esse
960 3187 1008 3238 ob·

187 3263 288 3314 stricti.
307 3265 372 3318 Tale
389 3268 542 3336 exemplum
561 3273 679 3324 occurrit
697 3271 724 3322 in
744 3270 924 3324 instrumento
935 3272 1008 3340 pacis

188 3349 417 3417 caesareo-gallico
429 3349 529 3406 decad.
544 3373 618 3407 anno
632 3365 706 3408 tete.
720 3355 764 3407 tibi
785 3355 813 3408 in
832 3356 955 3408 mandato
968 3375 1009 3410 re·
1028 3411 1029 3414 ,

188 3433 230 3500 gis
248 3431 353 3486 Galliae
373 3435 436 3488 baec
455 3434 575 3491 formalia
595 3437 725 3492 habentur
743 3439 835 3496 verba.
851 3441 935 3495 etiam
953 3441 1008 3504 ple·

189 3527 296 3568 namet
313 3519 468 3574 absolutam
484 3531 645 3591 potestatem
659 3523 756 3576 doinus
773 3521 868 3577 iisdem
884 3523 1009 3594 plenipo-

189 3599 326 3656 tentiariis
346 3605 460 3672 nostru,
479 3609 640 3677 negotiandi
655 3620 681 3662 et
699 3609 875 3679 transigendi
889 3609 1008 3661 eansdem

188 3703 284 3757 pacem
302 3689 397 3742 eodem
416 3688 446 3741 in
464 3691 524 3744 loco
544 3711 605 3746 cum
614 3693 772 3763 secederatis
790 3707 816 3748 et
833 3693 1012 3763 complicibus

191 3770 348 3826 eorumdem
367 3776 540 3844 imperatoris
555 3795 587 3828 ac
604 3779 675 3847 regis
691 3779 832 3843 catholici,
852 3795 898 3830 eos
915 3789 1013 3830 tracta·

193 3865 237 3907 tus
255 3863 335 3925 atoue
351 3869 426 3912 actus
444 3875 514 3930 quos
531 3861 659 3928 expedire
673 3861 852 3931 judicabunt,
870 3869 1011 3929 acceptan-

194 3939 224 3991 di
240 3955 298 3999 eas,
316 3940 401 3992 dandi
415 3942 511 3995 literas
527 3944 668 4011 publicas,
681 3956 910 4016 commeatusque,
919 3948 967 4014 qui
977 3943 1014 3997 ad

192 4022 365 4076 securitatem
376 4028 589 4080 comissantium
608 4028 727 4101 q'usdem
745 4030 849 4100 negotii
869 4047 949 4081 causa
970 4045 1013 4080 re·

194 4111 338 4177 prirentur
348 4145 355 4172 ,
362 4106 498 4176 finiendi
508 4111 623 4184 denique
635 4115 665 4164 in
679 4113 821 4178 omnebus,
841 4113 1012 4181 negotiandi,

192 4193 373 4262 promittendi
381 4203 406 4247 et
417 4197 608 4250 concordandi
622 4214 673 4268 per
683 4198 772 4253 dictos
790 4206 898 4249 nostros
909 4197 1014 4265 legatos

195 4276 492 4346 aeplenipoteutiorias
511 4279 613 4334 duosve
630 4299 665 4332 ec
683 4282 755 4347 illis,
775 4281 897 4345 absente,
908 4280 1013 4349 [aegra-

195 4369 270 4411 tunte
293 4369 343 4412 aut
364 4361 491 4432 impedito
514 4382 610 4419 cortem
627 4366 734 4435 quouis,
760 4366 808 4436 qui
829 4365 902 4434 pseud
923 4379 1013 4416 neces-

195 4441 296 4494 sarium
302 4441 468 4515 judicabunt
479 4448 516 4500 ad
527 4448 650 4502 eumdem
658 4447 785 4516 effietm
793 4450 1014 4520 paestaniaersa·

198 4527 233 4578 lis
243 4530 455 4596 producendum,
464 4549 515 4604 per
524 4533 621 4588 omnia
636 4533 774 4589 arcadem
787 4535 960 4596 auctoritate,
974 4531 1015 4586 ati

200 4624 252 4661 nos
265 4609 316 4678 ipsi
312 4611 476 4680 faceremus
486 4627 511 4666 et
519 4617 617 4680 facere
626 4624 775 4689 possemus,
788 4619 814 4671 ti
823 4619 878 4672 illis
887 4633 1014 4686 praescn-

200 4703 241 4746 tes
254 4709 385 4762 essemus,
399 4700 481 4752 etiam
499 4701 524 4753 si
541 4719 616 4756 casus
632 4703 764 4769 eueniret,
784 4703 830 4771 qai
853 4703 1014 4757 mandatum

199 4777 353 4844 specialius,
367 4799 446 4851 poam
459 4783 534 4851 puori
547 4787 737 4853 praesentibus
748 4789 834 4840 leteris
845 4785 1013 4853 continetur,

201 4861 330 4930 exigeret.
341 4866 594 4938 Promittimusstde
608 4881 633 4924 et
644 4871 728 4924 uerbo
740 4872 831 4940 regio,
843 4871 935 4924 addita
946 4873 1013 4925 obli·

198 4947 310 5014 3utt'nue
322 4961 348 5003 st
359 4955 506 5022 lsypotltecu
519 4957 642 5012 omnium
659 4957 1017 5026 nostrarumfartuacrum,

202 5041 258 5083 team
274 5039 456 5099 praesentium
473 5040 719 5110 tumfiatorsram,
733 5060 785 5097 nos
792 5041 1018 5112 firmiterseroa·

203 5123 280 5168 turos
292 5127 319 5169 et
328 5119 535 5191 adimpleturos,
544 5127 668 5197 quicquid
678 5129 711 5180 ab
723 5127 787 5200 ipsis
799 5127 849 5181 isto
864 5126 945 5179 modo
957 5122 1017 5180 tae·

204 5200 242 5250 rit
255 5201 429 5274 stipulatum,
449 5220 613 5264 caumatum
630 5225 662 5264 ae
676 5215 855 5283 praecissum,
873 5211 1018 5282 literaspue

205 5282 422 5357 ratihabitionis,
448 5311 517 5362 quas
539 5295 613 5348 intra
632 5295 809 5351 coustitutum
827 5308 929 5364 tempos
950 5315 1017 5369 pro·

205 5365 303 5424 ducere
318 5377 495 5442 tenebuntur,
519 5381 698 5449 confictores.
724 5381 796 5437 Nasu
813 5399 845 5434 ea
870 5394 908 5438 est
924 5394 1020 5436 nostra

710 285 758 340 DE
777 275 1023 340 onttctrtotttt
1041 266 1220 332 tatnctrts
1245 275 1307 320 ιιι.

1746 263 1798 318 ιιι

1037 387 1100 444 pore
1116 363 1258 420 convenire
1275 359 1373 424 solere,
1393 371 1445 427 qno
1463 351 1656 428 principalium
1680 369 1787 408 suorum
1808 373 1850 411 re·

1040 450 1190 508 ttbeattone
1209 443 1323 498 solemni
1341 441 1454 508 omnia,
1475 455 1542 508 quae
1565 438 1688 493 musam
1711 441 1852 505 caucium,

1042 529 1242 588 confirsnentur.

1077 619 1178 671 Verum
1203 620 1232 663 ut
1255 607 1289 662 ιι
1315 604 1482 678 propositum
1507 612 1690 671 revertamur,
1709 603 1733 658 si
1749 607 1858 678 speciali
1897 646 1927 690 Η

1042 704 1187 754 instructus
1206 693 1329 747 ιιιιιιιο
1340 694 1440 762 legatus
1454 691 1512 758 ejus
1524 690 1625 744 limites
1635 706 1689 743 nou
1702 691 1859 759 excesserit,

1043 785 1089 840 sevi
1102 783 1198 836 stricte
1210 779 1283 840 idem
1297 775 1489 838 observaverit,
1509 774 1662 844 principem
1675 788 1708 826 ex
1723 773 1792 828 fuce,
1805 777 1862 845 pi„

1042 867 1156 936 obligari
1173 872 1247 915 extra
1266 859 1376 911 dubium
1402 867 1462 922 este
1488 871 1548 908 cum
1567 873 1597 908 eo
1616 866 1740 926 respectu
1765 857 1861 912 iactum

1044 951 1125 1020 legati
1143 947 1177 998 sit
1196 943 1293 996 iactum
1314 939 1454 1010 principis·
1475 939 1595 1007 Quodsi
1615 942 1734 1008 generate
1754 943 1862 996 mauvia-

1045 1048 1100 1088 ιιιι
1121 1029 1258 1092 hebuerit,
1277 1035 1304 1078 et
1320 1027 1404 1076 littera
1422 1022 1519 1090 agendi
1538 1023 1648 1074 facultas
1668 1025 1722 1094 ipsi
1741 1027 1813 1092 tiata,
1833 1043 1862 1080 ω

1046 1121 1166 1174 tnoecltte
1189 1116 1237 1170 ier
1260 1107 1432 1180 Abgesundte
1449 1108 1555 1160 endliclt
1574 1110 1740 1174 scttlt'esserr,
1758 1126 1790 1166 ιο
1813 1123 1866 1184 gog

1046 1209 1087 1260 als
1098 1221 1128 1256 er
1138 1205 1236 1254 ivnsuer
1245 1198 1352 1259 kcesvte,
1365 1195 1422 1246 uod
1438 1209 1469 1246 so
1485 1193 1575 1246 weber
1585 1209 1615 1245 es
1628 1209 1662 1244 su
1673 1195 1789 1264 bringeri
1800 1213 1864 1252 uer·

1050 1292 1169 1351 mactate,
1189 1288 1273 1339 tutius
1291 1282 1400 1352 quidem
1416 1277 1509 1330 lecerit
1523 1281 1637 1346 imatus,
1657 1281 1682 1332 si
1701 1283 1730 1332 in
1750 1285 1863 1352 nepopis,
1898 1284 1914 1330 c

1048 1376 1135 1446 magni
1151 1368 1281 1424 momenti
1299 1377 1361 1418 aute
1377 1367 1482 1436 pienum
1495 1363 1704 1430 annotationem,
1715 1367 1737 1418 ,i
1750 1385 1866 1436 „aqum

1049 1459 1199 1532 possibile,
1224 1451 1357 1522 principis
1376 1449 1417 1500 sui
1437 1447 1580 1517 specialem
1605 1463 1763 1502 coriscusum
1790 1454 1868 1522 prio,

1050 1545 1185 1614 expiante
1202 1536 1273 1608 quot
1290 1535 1314 1588 si
1333 1550 1394 1586 sero
1409 1531 1567 1584 dilationem
1579 1533 1653 1584 iiiam
1668 1551 1720 1586 ιιι
1734 1537 1868 1606 indulgeat

1052 1633 1199 1700 princeps,
1217 1624 1347 1691 siquem
1367 1621 1485 1683 missus,
1511 1619 1593 1671 etita
1612 1619 1718 1672 tandem
1737 1621 1800 1673 hetti
1819 1643 1867 1692 pu·

1050 1731 1121 1768 ctsse
1134 1711 1274 1762 necessitas
1287 1705 1342 1774 ipsi
1354 1704 1438 1770 legem
1451 1704 1585 1771 imponat,
1600 1713 1630 1754 ut
1645 1704 1794 1760 inconsulto
1806 1693 1869 1778 quo.

1052 1817 1104 1872 que
1122 1794 1247 1870 principe
1272 1799 1398 1846 tractatus
1415 1787 1448 1837 ιι
1467 1782 1549 1836 finem
1567 1786 1694 1854 devincat,
1720 1795 1870 1860 negotium.

1052 1903 1102 1957 que
1119 1881 1277 1943 conscindat,
1294 1872 1409 1943 obligari
1434 1871 1531 1923 ιιίιιι
1553 1873 1702 1946 principem
1722 1887 1800 1944 puto,
1823 1881 1871 1950 qui

1055 1971 1109 2024 sihi
1126 1971 1256 2036 imputet,
1274 1962 1346 2031 quoti
1364 1958 1488 2010 mandato
1498 1957 1563 2010 svleo
1574 1958 1659 2012 libero
1672 1959 1742 2012 hunc
1758 1965 1870 2030 legatum
1965 2023 1968 2036 ⁸

1055 2051 1231 2122 ablegaverit,
1248 2064 1305 2114 arg.
1323 2046 1342 2097 l·
1356 2041 1443 2111 ⁵⁸·ffi
1454 2043 1487 2092 dc
1496 2055 1605 2108 procur·
1617 2040 1635 2091 l·
1653 2043 1740 2108 124]-
1751 2045 1784 2098 ιι
1797 2059 1871 2114 pact.

1057 2153 1116 2220 Quo
1147 2163 1208 2198 casu
1231 2142 1379 2194 utilitatem
1402 2133 1511 2185 haberet
1533 2128 1666 2182 mandatis
1691 2134 1774 2184 inseri
1794 2135 1874 2188 solita

1055 2233 1089 2288 de
1101 2243 1163 2289 rato
1181 2228 1312 2290 clausola,
1330 2236 1397 2292 quse
1414 2214 1632 2288 approbationem
1652 2215 1773 2268 omnium
1790 2229 1871 2286 gesto·
1903 2249 1906 2258 ·

1058 2336 1117 2372 rum
1135 2313 1286 2369 futurorum
1305 2305 1437 2361 continet:
1456 2299 1629 2370 supponimus
1649 2307 1736 2350 tamen
1749 2301 1798 2352 boc
1810 2317 1872 2354 casu

1056 2407 1170 2475 legatum
1189 2401 1220 2451 iu
1239 2394 1394 2450 tractatibus
1406 2388 1462 2442 illis
1479 2387 1556 2438 licito
1575 2382 1653 2437 modo
1671 2397 1802 2437 versatum
1815 2403 1873 2440 esse

1055 2503 1083 2546 et
1100 2489 1129 2543 ιι
1145 2488 1313 2546 observasse,
1332 2489 1363 2532 ut
1380 2470 1598 2549 quodjudicarst
1611 2489 1625 2524 e
1637 2470 1799 2539 refutarunt
1817 2489 1870 2539 pu·

1057 2578 1145 2645 blica,
1164 2577 1193 2630 id
1210 2565 1357 2636 bonafide
1375 2573 1474 2636 ageret.
1494 2559 1572 2630 Quod
1590 2557 1613 2612 si
1631 2575 1705 2610 enim
1718 2560 1819 2627 legatus
1831 2562 1871 2613 sel

1054 2668 1142 2739 pretio
1159 2672 1306 2730 corruptus,
1319 2655 1360 2709 sei
1374 2652 1464 2704 dolose
1477 2663 1527 2720 per
1537 2643 1709 2697 collusionem
1722 2659 1781 2694 cuns
1794 2644 1873 2714 psin-

1052 2757 1110 2826 cipe
1119 2753 1151 2806 ιι
1163 2765 1241 2820 quem
1254 2747 1367 2805 missus,
1382 2735 1516 2808 negotium
1528 2733 1613 2802 egerit
1622 2741 1650 2784 ct
1663 2733 1696 2785 ita
1709 2731 1767 2782 sine
1780 2746 1872 2782 neces·

1057 2845 1149 2903 sitate,
1164 2845 1267 2890 tantum
1279 2847 1330 2900 qno
1343 2823 1466 2878 extranei
1480 2819 1613 2892 principis
1632 2833 1749 2870 amorem
1769 2833 1873 2886 preuve-

1054 2933 1174 2988 reretur,
1193 2919 1222 2970 iu
1235 2911 1429 2988 praejudicium
1444 2907 1510 2976 reip.
1525 2911 1650 2957 tractatus
1663 2910 1686 2953 et
1700 2901 1801 2970 negotia
1814 2917 1874 2952 coru

1056 3007 1184 3069 cluserit,
1203 3000 1297 3054 fraude
1314 2999 1359 3049 itta
1377 2993 1483 3066 probate
1496 2987 1611 3042 cessabit
1627 2986 1760 3040 vinculum
1771 2987 1874 3056 obliger

1059 3093 1141 3146 tionis
1159 3091 1187 3142 in
1208 3087 1331 3158 principe
1346 3083 1485 3144 mittente,
1499 3091 1533 3128 ue
1549 3075 1613 3126 alter
1626 3073 1748 3144 princeps
1760 3087 1794 3123 ex
1807 3068 1878 3123 irau-

1058 3178 1090 3229 dc
1109 3193 1155 3228 ιιι
1174 3177 1277 3226 lucratu
1297 3185 1357 3221 cuvn
1376 3165 1488 3219 alterius
1501 3160 1598 3212 damno
1608 3168 1708 3228 captet;
1723 3160 1822 3225 legatus
1834 3159 1877 3208 in·

1061 3263 1141 3316 terim
1160 3261 1271 3333 pessimi
1290 3255 1418 3309 facinoris
1435 3265 1532 3323 positas
1551 3249 1719 3318 pravissimas
1738 3247 1879 3301 sustinebit

1058 3347 1091 3402 ιι
1108 3365 1160 3418 quo
1177 3361 1284 3398 excessu
1303 3337 1419 3394 mandati
1444 3333 1580 3410 principis
1603 3333 1679 3403 plura
1702 3329 1816 3383 interius
1834 3347 1877 3400 ge·

1060 3433 1173 3486 neratim
1191 3428 1304 3482 dicenda
1321 3437 1404 3480 erunt.

1095 3519 1168 3570 flacc
1184 3515 1275 3568 omnis
1294 3513 1459 3586 procedant,
1477 3509 1502 3562 si
1520 3508 1562 3562 uti
1579 3505 1696 3569 viiotum,
1715 3502 1877 3558 arcanaein·

1060 3601 1217 3654 structionis
1235 3595 1393 3670 praefinitos
1409 3593 1547 3670 permistos
1565 3611 1619 3646 novt
1636 3591 1804 3654 excesserit,
1823 3591 1878 3655 sel,

1060 3689 1083 3741 si
1098 3690 1203 3743 tandem
1218 3683 1433 3740 haecinstructio
1445 3681 1595 3752 generalem
1607 3684 1768 3750 potestatem
1783 3675 1881 3729 tribuat

1058 3777 1159 3844 legatus
1178 3772 1249 3825 nibil
1266 3786 1313 3841 per
1333 3772 1423 3824 dolum
1442 3765 1613 3830 irauvlemse,
1632 3762 1666 3816 ιι
1684 3761 1734 3815 hoc
1751 3761 1785 3814 ab
1797 3763 1881 3812 altero

1060 3857 1183 3929 principe
1201 3857 1344 3921 inductus,
1362 3853 1456 3925 egerit.
1471 3850 1548 3922 Quod
1570 3851 1594 3901 si
1614 3865 1675 3902 vero
1693 3843 1880 3898 instructioni

1061 3942 1188 4013 speciales
1207 3941 1335 3994 terminos
1347 3939 1486 4001 restricta,
1505 3937 1596 3989 literae
1608 3943 1695 3986 autem
1707 3931 1881 3986 credenttaios

1061 4028 1178 4098 generali
1196 4023 1348 4096 hujusmodi
1373 4022 1489 4076 clausula
1509 4021 1647 4084 munitae,
1672 4017 1712 4070 uti
1737 4015 1880 4069 adductum

1062 4115 1183 4184 superius
1201 4133 1229 4167 ιι.
1252 4124 1293 4164 ts.
1315 4120 1356 4163 tt.
1375 4119 1402 4162 et
1422 4120 1463 4162 ts.
1482 4115 1510 4158 et
1527 4107 1627 4174 legatus
1644 4100 1743 4156 limites
1762 4099 1881 4170 privatae

1061 4197 1247 4251 instructionis
1264 4193 1425 4254 excesserit,
1444 4189 1572 4262 princeps
1591 4203 1668 4250 sero,
1681 4183 1713 4236 ιι
1725 4199 1804 4254 quem
1818 4182 1881 4235 mis·

1062 4299 1105 4333 sos
1128 4280 1299 4348 generalitate
1322 4278 1463 4330 literarum
1489 4270 1691 4325 credentialium
1715 4279 1879 4332 commotus,

1061 4363 1300 4431 instructionisque
1313 4358 1436 4430 specialis
1455 4357 1576 4426 ignarus,
1594 4369 1653 4404 eum
1672 4349 1764 4403 eodem
1780 4363 1881 4404 contra·

1061 4451 1143 4514 serit,
1163 4459 1191 4502 et
1209 4459 1270 4501 tnnc
1287 4463 1321 4500 es
1339 4447 1388 4497 hoc
1401 4443 1469 4496 laeto
1482 4441 1636 4512 principem
1650 4439 1795 4494 mittentem
1807 4439 1880 4492 obli·

1061 4535 1133 4605 gari,
1150 4534 1246 4586 asserit
1264 4532 1342 4585 Grot.
1361 4532 1393 4583 de
1407 4529 1430 4598 1⁸.
1444 4526 1469 4578 b.
1484 4535 1547 4596 etp.
1560 4523 1607 4576 lib.
1622 4533 1646 4574 ι.
1659 4541 1684 4575 ι.
1706 4533 1749 4575 ιι.
1767 4530 1788 4586 ς.
1811 4532 1834 4575 t.
1853 4535 1880 4578 ct

1062 4619 1105 4673 lib.
1128 4628 1151 4670 ι.
1169 4635 1192 4672 ι.
1214 4627 1254 4668 ιι.
1271 4617 1293 4682 §.
1316 4625 1357 4668 ιι.
1377 4608 1578 4683 lmputetenim
1598 4607 1657 4674 hic,
1672 4607 1736 4672 sibi,
1749 4607 1818 4677 quod
1831 4627 1880 4679 pes

1062 4706 1152 4756 literas
1170 4699 1345 4754 credentiaies
1363 4695 1395 4750 ιι
1412 4707 1493 4747 omne
1517 4689 1613 4746 iactum
1631 4689 1711 4760 legati
1728 4691 1881 4746 ratihaben-

1064 4789 1128 4840 ιιιι
1146 4803 1174 4839 ιι
1190 4782 1360 4853 obligaverit,
1377 4793 1401 4835 et
1415 4779 1443 4832 in
1455 4777 1597 4832 eandorem
1609 4775 1693 4829 animi
1708 4775 1882 4848 illius,que1u

1065 4872 1153 4934 misit,
1172 4887 1225 4922 non
1244 4868 1320 4939 prins
1339 4865 1454 4920 sollicite
1471 4861 1668 4933 inquisiverit;
1693 4879 1790 4916 aroana
1808 4864 1883 4916 euisu

1064 4956 1110 5008 iiia
1129 4955 1268 5007 instructio
1285 4952 1387 5006 ratione
1407 4949 1541 5023 principis
1565 4948 1683 5002 extranei
1708 4949 1787 5002 habet
1803 4967 1832 5002 se
1849 4949 1883 5003 ιι

1065 5043 1150 5094 instar
1167 5039 1353 5093 reservationis
1372 5036 1512 5104 mentalis,
1528 5052 1595 5106 quae
1612 5033 1700 5090 serbis
1717 5035 1883 5104 generalibus

1066 5125 1200 5197 expressis
1216 5124 1310 5177 obesse
1328 5121 1435 5194 aequit,
1456 5119 1501 5173 tin.
1519 5119 1626 5171 Tertor.
1645 5117 1678 5171 de
1689 5118 1748 5190 jur.
1768 5129 1841 5188 gent.
1858 5135 1883 5172 c.

1071 5219 1109 5264 vt.
1128 5227 1155 5261 n.
1176 5221 1217 5262 ss.
1235 5219 1260 5262 et
1279 5209 1322 5260 sin
1340 5221 1414 5260 secus
1433 5212 1517 5267 esset,
1541 5202 1629 5254 nullm
1653 5201 1882 5273 principaturum

1067 5297 1175 5350 alteriue
1191 5297 1276 5364 legato
1293 5311 1345 5347 non
1364 5301 1467 5346 ostensa
1491 5287 1566 5360 prius
1589 5304 1681 5341 arcana
1705 5287 1883 5340 instructions

1068 5383 1223 5436 contrahere
1243 5387 1351 5449 possete
1376 5377 1444 5428 hanc
1463 5390 1523 5426 vero
1539 5373 1689 5426 ostendisse
1708 5391 1762 5425 non
1779 5387 1883 5444 semper

131 5469 170 5510 ro
206 5455 343 5510 solantur.
360 5459 457 5516 Fateor
475 5471 577 5527 temen,
594 5465 657 5517 licet
675 5466 704 5518 in
724 5468 856 5520 mundatis
873 5469 1018 5536 legatorum

209 5538 340 5594 terminus
358 5541 511 5598 inferentiae
529 5544 713 5604 ratificationis
731 5569 783 5605 non
802 5569 960 5623 expressas,
973 5553 1019 5606 sed

207 5616 320 5714 clausule
338 5622 510 5681 ratificatoria
528 5631 691 5702 simpliciter
707 5633 822 5701 inserta,
843 5635 1019 5690 nihilominus

208 5713 316 5768 tussam
333 5713 483 5766 securitatis
493 5731 567 5768 eausa
582 5717 679 5790 legatos
697 5718 810 5778 iusicem
822 5717 855 5774 dc
866 5727 939 5774 certo
953 5729 1017 5774 ten·

330 5795 432 5868 Strpln'i
454 5801 514 5852 Vol.
534 5803 586 5854 IV.

1069 5467 1227 5520 consultum.
1246 5464 1285 5516 ιι
1303 5477 1382 5515 ιιιιι
1393 5460 1543 5530 ergolegati
1558 5456 1657 5510 lactum
1676 5458 1727 5526 ism
1742 5457 1814 5511 dicto
1825 5476 1886 5512 casu
1923 5473 1953 5518 ιι

1068 5549 1231 5619 obligabitur
1250 5546 1393 5620 princeps,
1416 5559 1579 5612 quocumque
1597 5539 1675 5595 ιιιιι
1693 5542 1761 5595 ἰΙΙιι
1784 5542 1886 5612 legatus

1070 5636 1197 5706 gesserit,
1215 5631 1372 5688 modoaltus
1389 5627 1542 5702 principum
1562 5627 1631 5682 bona
1646 5623 1702 5680 nse
1719 5635 1746 5680 et
1763 5625 1887 5680 sineour·

1071 5721 1194 5796 ruptione
1211 5735 1270 5773 cum
1291 5715 1348 5792 ipso
1366 5717 1467 5788 egerit,
1487 5713 1528 5769 vei
1547 5712 1597 5766 tale
1616 5709 1750 5782 negotium
1768 5709 1886 5782 alegate

1568 5806 1599 5850 ii

2022 5880 2087 5896 -
2220 5761 2234 5920 t

2228 6019 2234 6125 l
