4396 6286
396 274 445 325 3ιι
974 271 1163 328 utst’ttrt't.
1181 273 1244 328 vtt.
1263 272 1379 328 CAPUT
1397 275 1433 330 tl.
1941 277 1993 331 irs

273 387 302 432 τι
346 370 459 427 ficiens?
477 371 512 426 Et
531 371 619 443 primo
636 369 744 441 quidem
764 383 798 420 en
817 366 909 420 haeres
923 365 1018 420 debeat
1035 383 1092 421 esse
1105 385 1167 422 oon·
1220 368 1389 441 cipridem
1406 373 1540 426 tebeeth
1556 371 1757 430 Urttettdi'esea
1770 375 1886 432 Jnhalta
1902 373 2036 446 criffnett

348 473 436 515 tentus
454 460 477 513 si
499 469 606 514 testator
627 456 823 512 usufructuario
841 457 972 524 injuxerit
990 465 1020 508 ut
1038 455 1167 525 stipulata
1217 453 1483 524 Dienoslhcklngtcr
1493 458 1674 526 aermtgectes
1685 475 1730 512 am
1744 459 1896 530 s.jonnur.
1908 459 2043 514 desselben

346 563 427 600 manu
445 543 556 601 careat?
581 548 744 599 ‘testatorem
771 541 927 595 indistincte
953 541 983 594 in
1006 559 1169 610 quocumque
1218 540 1319 594 Jotuaa
1337 541 1501 612 pnbft'cr'rten
1522 543 1642 598 Urtlreila
1653 541 1738 598 durch
1749 546 1832 598 ericen
1846 545 2044 612 gerannornen

345 630 483 686 usufructu
502 643 552 685 tatu
572 645 660 682 rerum
681 627 840 690 mobilium,
863 643 941 696 ιιιιιιιι
968 625 1168 688 immobilium,
1220 623 1362 676 leidtiefren
1375 625 1596 694 Eydrr'clrniclit
1614 629 1750 698 pnrgt'ren
1775 625 1835 682 und
1852 627 1978 682 domitae
1993 627 2047 680 οἱοὶ

346 717 497 769 cautionem
519 713 714 770 usufructuario
733 711 872 764 remittere
890 725 943 762 non
961 726 1039 776 porse
1051 727 1170 761 eommu-
1221 711 1348 764 erdelten
1365 711 1471 774 moilen,
1484 709 1546 764 dosa
1557 729 1589 766 er
1599 711 1649 766 der
1662 713 1812 783 ntaegeru
1821 711 1900 766 hcine
1911 713 1976 766 Ehe
1987 729 2049 766 oer-

347 801 393 854 nis
411 809 452 854 est
469 799 513 850 dd.
533 797 627 868 opinio
640 814 690 866 per
707 797 726 848 f.
745 807 770 847 t.
788 813 811 848 c·
831 805 860 848 ut
878 791 906 846 ιἰι
924 805 997 858 poss.
1015 791 1170 861 leg-Carpe.
1218 793 1351 860 aproelren
1371 792 1430 846 und
1447 807 1591 864 urgesogt:
1611 796 1647 850 So
1661 796 1818 850 &abach
1831 798 1986 850 nunmelrru
2004 798 2063 851 dia·

346 903 376 954 p.
399 897 423 936 s.
441 902 465 936 e.
488 893 528 934 rt.
546 883 573 934 d.
596 890 636 932 tt.
649 897 715 948 qnae
729 876 862 934 sententia
882 883 970 927 umen
988 875 1170 927 omninoouru
1219 874 1281 927 Ede
1292 873 1441 928 &relidere
1452 879 2051 950 ctirtnttetnntnntgongondgeaettr'etoen

353 977 566 1038 temperamento
586 962 761 1031 intelligenda
775 995 782 1023 ‚
802 958 857 1013 rid.
874 957 999 1010 Frentai.
1024 973 1122 1009 comm.
1130 953 1172 1024 ff.
1219 957 1495 1031 ceremonienjedocls
1507 962 1579 1014 odrae
1592 963 1738 1034 Geproeng
1746 968 1794 1016 mit
1807 965 2052 1036 rhrso'rderlc'clut

349 1050 438 1122 nense
458 1052 612 1123 quemodm.
630 1063 687 1100 coc.
706 1061 782 1096 nunt·
797 1053 821 1094 t.
834 1041 940 1094 ridetur
959 1057 1018 1094 aero
1036 1041 1171 1095 remittere
1220 1059 1253 1094 ιιι
1273 1042 1420 1096 vollarehen
1443 1045 1578 1114 schuldr’g,
1598 1049 1630 1098 in
1652 1050 1839 1119 Verdleibnng
1861 1051 1930 1104 oder
1954 1050 2051 1106 ἄιιιειι

348 1158 426 1212 posse
444 1156 490 1209 per
510 1134 685 1194 indirectum,
699 1129 762 1182 duna
776 1127 868 1182 haeres
885 1127 1005 1195 accipere
1023 1135 1128 1180 tenetur
1139 1122 1172 1177 fi·
1220 1128 1331 1180 on'rder
1344 1145 1399 1180 con
1410 1129 1461 1182 der
1471 1130 1621 1184 oeutnlen
1637 1132 2053 1205 Odrr'gkeitdnrcltgeddfsrfiche

350 1225 511 1294 dejussorem
532 1231 674 1288 praeparem
688 1221 837 1284 pernotata
851 1209 930 1264 Bato.
950 1209 978 1262 in
997 1209 1015 1260 Ι.
1039 1219 1062 1262 t.
1081 1227 1112 1260 ιι.
1134 1220 1172 1261 tt.
1220 1212 1391 1266 luitoldum
1404 1213 1495 1268 littr'otr
1508 1217 1679 1288 competunt
1691 1219 1751 1272 und
1762 1221 1938 1289 ungehullen.

352 1328 372 1362 c.
392 1311 420 1361 d.
439 1301 529 1372 utrssn
545 1317 595 1371 per·
611 1307 680 1352 teret.
691 1299 719 1351 in
738 1297 755 1348 l.
769 1294 865 1349 tritos.
883 1305 908 1346 8.
917 1291 960 1360 ff·
978 1293 1004 1344 d.
1023 1289 1114 1358 carust.
1126 1311 1172 1344 eo·
1229 1293 1234 1302 '
1256 1296 1367 1350 Sotades
1382 1299 1492 1354 Urtlaeif
1503 1301 1792 1374 hotgegensecertt'ger
1802 1309 1897 1360 Hono
1909 1308 1942 1360 (i.
1955 1307 2060 1378 Kroffl)

350 1410 412 1446 rum
430 1407 483 1443 rer.
501 1405 573 1456 piene
591 1400 641 1436 usn
660 1390 873 1445 consumuntur,
884 1378 906 1429 si
918 1395 983 1446 ergo
994 1392 1100 1445 gravare
1112 1385 1171 1446 pot·
1221 1383 1353 1436 flantem
1364 1386 1505 1438 emim
1517 1387 1614 1450 rma,
1622 1386 1681 1442 „aa
1690 1388 1965 1461 ,npaffstncppfgm
1975 1395 2050 1449 pu„

349 1488 387 1530 est
399 1473 541 1527 haeredem
560 1479 588 1524 ut
603 1478 715 1537 receptet
729 1461 911 1533 fidejussorem
929 1479 1091 1532 pauperem,
1109 1480 1173 1530 qna-
1219 1467 1359 1534 gemacht:
1381 1469 1422 1521 Ob
1435 1485 1466 1522 er
1477 1488 1536 1523 nun
1549 1471 1621 1524 nodi
1629 1473 1751 1526 dmnoeh
1760 1491 1820 1526 von
1830 1471 1880 1528 der
1894 1477 2047 1546 Kloegerin

349 1579 378 1613 re
398 1575 451 1612 nou
470 1557 571 1628 poterit
587 1569 695 1622 gratare
708 1561 738 1602 ut
758 1551 792 1602 sit
810 1559 951 1602 contentus
969 1547 1107 1617 stipulatae
1120 1565 1173 1599 nra·
1221 1549 1488 1618 urrgefirengh'cden
1501 1553 1582 1620 Hoffl
1592 1555 1739 1623 gebracht,
1758 1555 1818 1610 und
1833 1556 1972 1613 dorinnen
1984 1565 2050 1616 eine

348 1663 401 1700 uus
419 1645 551 1698 cautione.
568 1639 624 1692 Nec
641 1636 729 1690 obstet
747 1634 854 1688 bisceo-
867 1651 928 1686 cnm
947 1633 1012 1702 quid
1028 1651 1095 1686 unu.
1111 1630 1137 1685 d.
1151 1651 1172 1687 r.
1224 1633 1502 1702 Zer'tlcngentdolten
1514 1636 1626 1690 worden
1637 1676 1646 1704 ,
1666 1657 1697 1692 ro
1716 1640 1766 1694 hat
1786 1657 1818 1692 er
1834 1639 1905 1694 doct
1928 1645 1981 1696 hr'as
2000 1649 2063 1716 ans

346 1733 369 1803 j.
387 1729 416 1783 in
438 1737 492 1781 eto.
513 1725 572 1778 scil.
590 1737 642 1776 non
661 1718 768 1774 concedi
797 1736 844 1788 per
867 1718 1006 1786 obliquum
1031 1717 1100 1787 quod
1121 1734 1175 1769 nou
1222 1715 1294 1770 diem
1303 1718 1503 1774 Senndeindrie
1517 1723 1596 1774 Etet.
1614 1723 1751 1793 Trcurrng
1765 1726 1867 1792 guttula
1887 1729 2055 1785 nauseanti.

353 1822 442 1885 potest
460 1807 521 1862 heri
540 1808 665 1869 directo,
689 1821 718 1858 v.
737 1804 755 1856 i.
777 1801 846 1855 scire
870 1811 988 1869 oportet.
1005 1797 1029 1870 5.
1051 1797 1124 1866 hff·
1150 1800 1175 1850 d.
1221 1819 1276 1871 gen
1287 1803 1597 1867 wolfen,donnendero
1623 1809 1657 1858 ist
1674 1805 1720 1860 des
1737 1809 2056 1878 Cdnrfrtrstldueeltsis.

352 1907 437 1951 tutor.
456 1897 483 1947 'et
499 1901 619 1946 curator.
636 1889 693 1943 dot.
712 1886 747 1938 od
766 1885 817 1936 his.
836 1883 908 1954 Quid
922 1901 984 1938 sero
1002 1885 1036 1936 de
1053 1884 1103 1935 hoo
1112 1899 1173 1934 casu
1217 1886 1470 1940 ‘Odor-corsaritorii
1478 1907 1511 1942 aa
1525 1889 1650 1943 Dreaden
1662 1890 1804 1961 Beselalreh
1821 1891 1883 1948 dem
1896 1898 1992 1949 Heron
2004 1896 2046 1950 Su

349 1974 540 2038 sentiendum?
554 1977 675 2028 'festalor
688 1969 796 2023 nmudet
811 1968 933 2033 haeredi,
947 1978 976 2020 ut
988 1978 1090 2020 mutnet
1101 1969 1175 2020 Seur-
1220 1973 1448 2042 perrhtendenten
1460 1975 1520 2028 und
1526 1977 1822 2030 Amncteneratttier
1832 1995 1889 2032 nur
1901 1980 2056 2049 urrsgews'e

350 2068 446 2142 pronie
464 2073 585 2126 centum,
603 2060 756 2130 quaeritur,
769 2073 802 2108 au
818 2054 937 2108 haerese
952 2053 1112 2124 Sempronio
1123 2071 1173 2124 pro
1222 2074 1252 2108 ae
1264 2075 1349 2112 mune
1360 2059 1452 2113 solete
1461 2059 1689 2130 capniottbnund
1702 2063 1840 2133 stannus
1848 2081 1882 2118 su
1893 2067 2059 2120 cometem

354 2150 523 2206 minutione
542 2143 626 2198 debiti
647 2143 732 2213 possit
749 2149 839 2212 petere
859 2139 1009 2192 cautionem
1027 2138 1173 2207 idoneam
1222 2141 1405 2211 ansgetragen
1417 2144 1540 2198 worden.
1551 2145 1710 2214 Deuwegen
1719 2145 1797 2215 frog
1812 2148 1857 2200 iola
1879 2149 1941 2202 ἀίιή
1960 2151 2060 2204 Honor

350 2252 420 2288 aune
438 2249 498 2286 cero
516 2238 653 2284 contentus
671 2241 730 2278 esse
743 2223 864 2304 piebem,
884 2224 909 2276 si
927 2223 1105 2293 Sempronius
1119 2234 1173 2277 tan·
1224 2225 1257 2279 G.
1275 2226 1459 2280 nuchmolrlen
1473 2245 1512 2282 un
1526 2227 1710 2282 Gottesatottr
1725 2229 1767 2282 Ob
1781 2231 1818 2285 du
1833 2232 2056 2303 pegennoertigo

352 2330 408 2373 tum
427 2317 555 2388 stipulata
573 2331 654 2366 manu
672 2325 762 2366 carere
779 2306 863 2364 reliti
884 2309 917 2362 Et
934 2309 1073 2379 posterius
1092 2305 1170 2363 affir·
1223 2311 1251 2364 C.
1268 2311 1301 2364 Τ.
1313 2329 1364 2365 cnr
1375 2313 1437 2365 Ehe
1449 2313 1541 2368 loten
1554 2313 1671 2366 nollent?
1683 2317 1825 2370 Anteros-t:
1839 2317 1879 2370 Jo
1892 2314 1962 2372 oder
1970 2318 2059 2374 Nein.

349 2415 403 2456 mat
421 2400 485 2454 Lod.
506 2399 620 2452 Roman.
631 2394 702 2467 sing.
716 2405 776 2448 ιιι.
792 2392 838 2445 nbi
856 2395 890 2447 ad
910 2392 961 2446 boc
977 2394 1042 2448 eilat
1057 2392 1078 2446 i.
1086 2393 1173 2464 fidei·
1222 2397 1491 2468 Detegieichensrog
1501 2398 1544 2450 ich
1557 2396 1621 2450 diali
1633 2400 1663 2452 C.
1681 2400 1712 2450 T.
1726 2417 1765 2452 nn
1780 2400 1872 2452 Gottes
1881 2405 1958 2466 alon,
1968 2399 2009 2457 oh
2020 2399 2061 2454 da

351 2489 496 2544 commissa
515 2489 537 2554 §.
555 2485 581 2539 ti
597 2485 701 2539 fruerer.
712 2479 754 2552 ff
771 2481 805 2534 de
823 2480 921 2550 tegaris
940 2494 964 2536 t.
1218 2485 1455 2552 gegenwnerur‘gen
1465 2486 1560 2538 Hense
1574 2484 1605 2536 G.
1614 2501 1666 2536 zur·
1680 2485 1740 2538 Ede
1752 2484 1953 2556 degehrsstund
1963 2484 2061 2540 leuben

390 2574 537 2644 stipulatae
553 2588 655 2641 quoqne
674 2566 763 2620 manui
783 2567 855 2620 locus
879 2566 967 2619 estin
992 2565 1175 2621 matrimoniis
1224 2566 1566 2622 woltermannum.
1586 2569 1702 2638 Wojbrn
1721 2568 1878 2639 nuntieydc
1900 2570 1995 2624 Tlreile
2016 2572 2062 2625 Jo

351 2657 543 2714 contrahendis.
565 2655 639 2726 Apud
660 2669 760 2706 roman.
780 2666 907 2721 sponsum
930 2661 959 2704 ot
983 2668 1108 2723 sponsam
1127 2653 1173 2705 de·
1218 2662 1417 2721 geomwortet,
1433 2670 1463 2706 so
1483 2652 1553 2707 nini
1568 2651 1613 2706 dee
1624 2655 1785 2726 copulatr'on
1799 2653 1972 2708 Jtdtatuder
1984 2657 2056 2707 Kir-

351 2755 424 2798 xtras
443 2741 558 2794 inricem
577 2739 697 2809 junxisse
724 2743 784 2790 lest.
809 2735 929 2805 Quintil.
945 2737 1060 2792 decium.
1087 2747 1131 2792 ss.
1149 2749 1175 2791 et
1223 2736 1292 2788 cden
1310 2734 1447 2804 Agenda,
1464 2746 1575 2791 somno
1594 2735 1663 2792 aber
1680 2737 1729 2790 mit
1745 2735 1840 2792 tb'esm
1861 2741 1974 2794 trauan
1990 2755 2060 2794 m·

350 2827 424 2888 ulii,
449 2835 478 2878 et
501 2825 598 2878 eisitan
616 2839 772 2892 expressum
791 2821 893 2874 Romae
918 2821 948 2875 in
974 2824 1059 2878 reteri
1086 2824 1173 2878 tabula
1227 2821 1340 2876 ricluet:

353 2929 503 2966 marmorea
522 2909 678 2980 diaglyptioi
690 2908 781 2980 operis
798 2908 828 2960 in
848 2910 949 2980 templo
966 2910 1022 2965 diri
1039 2911 1174 2968 honorii
1260 2906 1362 2964 tuter
1373 2911 1468 2964 flama
1486 2909 1523 2962 G.
1539 2907 1574 2962 ob
1586 2907 1623 2962 rfu
1636 2908 1710 2964 nolti
1728 2908 1789 2981 uris
1797 2909 1886 2964 meino
1903 2927 1943 2964 un
1963 2911 2062 2966 coru

355 3005 429 3048 extra
449 3011 548 3048 muros.
566 2993 680 3048 Graecis
699 2991 780 3046 eliam
806 2992 836 3044 iu
861 3011 910 3048 usu
935 2992 989 3048 fuit
1012 2996 1119 3052 dextrae
1136 2999 1177 3070 pi·
1224 3003 1290 3048 etutt
1300 2994 1345 3046 dir
1344 2993 1547 3064 sdrgelsnftene
1556 2993 1785 3065 FrugemitNein
1792 2995 2060 3064 gemtmortetedar

353 3099 435 3152 gnare
453 3080 639 3134 conituhialem
658 3078 728 3134 sitae
745 3079 900 3132 societatem
912 3076 1090 3146 confirmarer
1110 3082 1177 3153 dge-
1220 3081 1370 3150 germensi
1382 3089 1539 3135 orttwurten
1557 3079 1669 3143 mollone
1687 3078 1793 3134 dressed
1804 3077 1872 3134 uber
1889 3078 1960 3134 doch
1978 3081 2060 3138 cood-

353 3167 414 3220 silai
434 3165 505 3235 regis
522 3165 645 3236 exemplo
670 3162 700 3214 id
725 3164 867 3234 probatur,
889 3165 937 3234 qui
961 3166 1006 3219 Oti
1031 3166 1176 3238 Paphlago-
1225 3165 1537 3218 lermeidtesconsa'storii
1551 3163 1660 3218 Urtlteil
1672 3161 1730 3218 und
1740 3165 1837 3235 Befefsl
1848 3183 1887 3219 on
1899 3167 1979 3220 derne
1988 3177 2064 3222 nors

352 3271 418 3310 nom
436 3250 493 3322 regi
511 3247 598 3303 filiam
617 3246 785 3318 despondens
810 3247 932 3302 dextram
956 3249 1067 3304 dextrae
1084 3269 1177 3307 eonse-
1227 3250 1382 3322 legerere.
1398 3247 1601 3306 melchedeiner
1614 3250 1802 3304 ordentlrblren
1824 3250 1963 3322 Obrr'gioeit
1970 3251 2061 3304 διίη-

353 3340 423 3403 ruit,
442 3335 601 3406 Xenophon.
625 3334 723 3387 Graec.
742 3349 795 3386 rer.
812 3332 859 3385 tlt.
880 3343 902 3385 t.
922 3333 1048 3403 idemque
1068 3337 1102 3391 de
1116 3339 1177 3390 Per·
1226 3356 1283 3403 me,
1295 3341 1326 3390 t'n
1336 3337 1452 3391 rolclaem
1466 3335 1590 3405 Fullfrir·
1602 3335 1818 3388 Gottes-Stiaune
1836 3354 1869 3389 aa
1888 3335 1981 3389 holten
1997 3371 2006 3398 ‚
2024 3355 2062 3388 uo

353 3429 391 3478 sis
404 3433 480 3494 atque
489 3419 605 3491 Assyriis
613 3427 724 3473 testatur
739 3416 830 3470 brian.
845 3417 971 3487 depastis
983 3421 1176 3492 AmynQnae·
1226 3421 1310 3477 ttettt
1325 3443 1353 3478 es
1370 3421 1458 3492 tany
1470 3420 1575 3483 tulleta.
1590 3437 1645 3475 moa
1660 3419 1974 3489 Gottursomrnenfrtget
1984 3455 1992 3482 ,
2002 3423 2064 3474 roll

354 3509 423 3561 ritur
435 3524 499 3560 aero
508 3523 541 3559 an
556 3503 712 3575 copulentur
725 3501 818 3566 inviti,
831 3511 859 3556 et
875 3521 909 3556 an
921 3503 980 3572 engi
991 3503 1107 3559 debeant
1119 3525 1176 3562 rua·
1228 3507 1278 3564 der
1288 3510 1402 3562 uranon
1415 3509 1490 3561 nicht
1501 3506 1635 3560 sclniden.
1654 3505 1723 3560 tren
1732 3505 1811 3560 donn
1820 3504 2064 3575 gegennoertigar

353 3611 389 3646 nn
409 3592 522 3646 militari
542 3587 595 3642 sibi
614 3588 728 3642 invicem
749 3603 842 3640 manns
864 3586 1027 3658 porrigere?
1050 3589 1085 3643 Et
1108 3608 1178 3662 resp.
1227 3597 1323 3650 Hanss
1337 3593 1368 3645 G.
1381 3590 1442 3647 rand
1452 3592 1481 3646 C.
1500 3592 1530 3644 Y.
1546 3590 1768 3660 orsj'reedtlr'elrea
1785 3591 1966 3646 Erkoentnr'cs
1984 3609 2058 3644 aer·-

355 3693 421 3745 meg.
440 3692 493 3728 non
514 3673 587 3726 enim
605 3682 646 3724 est
669 3669 703 3724 de
724 3671 840 3724 essentia
864 3673 1029 3726 matrimonii
1054 3692 1177 3752 manuum
1229 3679 1337 3732 mr'ttelst
1349 3677 1400 3732 der
1415 3676 1553 3746 otrtgten
1566 3675 1984 3748 Hdlffeln'nsdrobeyeinunder
1996 3697 2058 3734 nro·

354 3758 516 3829 conjunctio,
530 3757 650 3827 quamvis
663 3755 782 3809 mandem
798 3757 977 3810 necessariam
991 3775 1049 3812 esse
1057 3761 1123 3812 velit
1134 3761 1177 3812 di·
1227 3763 1300 3817 hnen
1315 3763 1405 3816 cellen
1414 3782 1426 3825 ,-
1441 3781 1472 3816 so
1487 3762 1599 3834 pruche
1616 3763 1658 3816 teti
1674 3763 1713 3816 sie
1729 3763 1832 3818 elrelicft
1848 3767 2059 3820 noanneane

356 3845 474 3917 sputatio
491 3848 574 3900 Jenae
591 3846 682 3899 habita
700 3844 733 3900 de
753 3845 875 3898 munibus
901 3846 931 3902 in
954 3846 993 3898 th.
1013 3857 1054 3898 ts.
1071 3845 1118 3898 ubi
1137 3846 1177 3898 di·
1229 3848 1337 3902 Nomen
1349 3851 1395 3904 des
1412 3851 1510 3902 Vetere
1521 3844 1581 3900 suad
1590 3844 1638 3900 dos
1647 3847 1753 3903 Sodrees
1765 3849 1825 3904 und
1840 3849 1886 3903 des
1898 3851 1971 3908 neit.
1987 3849 2056 3904 Gai·

357 3935 443 3987 citur:
457 3933 564 4004 junctio
585 3951 715 3992 manuum
728 3931 913 3988 nostriscerte
926 3931 1050 3986 moribus
1068 3930 1180 3984 nochor
1226 3947 1297 4001 ster,
1316 3953 1407 3990 omen.
1955 3981 1959 3988 .

357 4023 480 4094 nupturis
499 4024 651 4079 necessaria
676 4038 730 4075 esse
755 4020 877 4074 uidetur.
902 4018 968 4070 Non
990 4017 1079 4070 solum
1101 4017 1175 4070 enim
1263 4024 1336 4075 ilaec
1354 4021 1378 4074 si
1397 4021 1588 4085 observentur,
1608 4039 1649 4076 res
1667 4033 1738 4078 caret
1748 4021 1846 4085 dubio,
1864 4025 2058 4093 neccpnsboe

359 4113 487 4166 omnihus
506 4113 575 4166 Iocis
591 4113 629 4165 ric
645 4111 768 4166 videmus
786 4105 979 4169 constitutum,
991 4103 1042 4157 sed
1057 4113 1083 4156 et
1101 4101 1174 4156 ordi·
1226 4123 1288 4160 casu
1306 4107 1358 4162 erit
1379 4125 1504 4161 mortuum
1522 4109 1673 4176 junctione:
1691 4109 1755 4179 quia
1774 4123 1824 4160 ricc
1840 4108 1938 4170 refert,
1959 4119 2056 4162 utrnrn

358 4199 475 4252 notione
493 4197 646 4254 electoralis
664 4195 805 4252 Senoniae
822 4191 968 4246 ecclesiast.
980 4207 1052 4260 quoe
1070 4188 1098 4241 iri
1117 4205 1177 4240 cor·
1225 4193 1389 4245 consenserit
1407 4208 1467 4262 pars
1487 4193 1586 4254 inuita,
1605 4211 1638 4246 en
1659 4193 2053 4249 aoleosoooseoserir,c.012.

354 4303 421 4354 pore
433 4284 507 4353 juris
522 4282 654 4337 saxonici
675 4281 713 4335 sie
730 4280 874 4353 reperitur:
894 4293 947 4330 con
967 4273 1017 4328 der
1045 4275 1178 4338 Tranung
1229 4292 1287 4328 rum
1306 4275 1371 4328 lieet
1391 4275 1473 4328 moris
1490 4292 1548 4330 esse
1566 4277 1669 4341 soleat,
1694 4289 1722 4330 ut
1746 4293 1825 4330 manu
1852 4278 1977 4347 stipulata
1997 4278 2054 4332 sibi

355 4371 454 4432 deren·
473 4369 517 4422 dl'e
534 4368 593 4421 siclt
612 4367 710 4422 “tollen
728 4365 756 4418 t'tl
778 4362 919 4418 Eilesion&
929 4361 1061 4431 togaton,
1079 4357 1119 4411 fla
1138 4358 1178 4410 δι’·
1229 4361 1342 4416 invicem
1361 4377 1489 4431 personae
1506 4361 1668 4434 copulandae
1686 4359 1770 4416 fldem
1788 4363 1962 4434 promittente
1980 4377 2007 4418 et
2022 4365 2055 4418 in

355 4453 494 4518 aponitur,
514 4451 627 4521 qnando
643 4450 754 4520 pastori
772 4446 998 4520 praescribuntur
1013 4441 1178 4511 renitentia:
1227 4446 1353 4500 omnibns
1370 4463 1474 4516 quoque
1498 4444 1731 4501 constitutionibus
1755 4445 1944 4501 ecelesiasticis
1960 4446 2000 4499 ita
2018 4447 2055 4498 da

357 4537 409 4592 Hie
426 4539 499 4593 losse
517 4541 599 4591 ersie
615 4537 659 4590 dte
681 4534 856 4604 Trorrdlinge
869 4527 1108 4598 encamrgaten
1122 4527 1181 4580 und
1228 4531 1355 4602 stipulata
1374 4549 1453 4584 manu
1466 4531 1636 4602 disponitur.
1654 4547 1708 4586 non
1727 4541 1815 4584 tamen
1834 4539 1876 4586 est
1891 4529 2054 4600 requisitum

348 4623 422 4694 fiigc
439 4623 498 4676 ihre
515 4624 599 4686 herde
610 4623 697 4677 reclite
709 4617 826 4675 Herode
837 4633 1004 4672 ausoniaen-
1017 4614 1075 4668 Non
1090 4622 1177 4666 tamen
1227 4617 1350 4687 praecise
1367 4617 1553 4672 necessarium.
1572 4618 1645 4671 Dum
1664 4633 1771 4672 manum
1791 4618 1946 4688 stipulatam
1964 4614 2054 4669 inne·
2094 4627 2123 4666 rs

355 4723 389 4760 ex
406 4726 437 4762 eo
455 4708 523 4778 quod
543 4707 681 4762 ordinarie
697 4705 818 4760 adhiberi
840 4704 920 4766 silet,
947 4698 1120 4754 substantiale
1136 4717 1179 4752 re·
1227 4701 1306 4768 gotiis
1323 4702 1572 4756 matrimonialibus
1582 4701 1920 4773 mntemplor‚rideadunr
1938 4701 2053 4771 quidda

357 4791 486 4860 quisitnrn
506 4791 615 4861 alicujus
628 4790 667 4844 rei
682 4787 986 4848 constituendum.cum
1000 4783 1082 4836 marita
1095 4783 1176 4837 abuu-
1227 4785 1276 4839 hoc
1300 4803 1362 4839 casu
1387 4785 1557 4840 statuendum
1581 4786 1640 4849 site
1665 4789 1754 4858 puella
1781 4803 1815 4841 es
1841 4785 1997 4841 verecundia
2023 4786 2052 4837 in

289 4889 318 4928 tr
359 4873 447 4928 clentis
463 4877 577 4931 cautelae
593 4893 656 4944 ergo
674 4873 860 4928 adhibeantur.
881 4875 988 4942 Spectat
1006 4870 1057 4922 huc
1077 4869 1175 4923 formu-
1228 4879 1339 4923 tractatu
1357 4871 1553 4940 sponsaliorum
1571 4871 1646 4925 omni
1665 4889 1808 4936 sermone,
1832 4889 1886 4942 quo
1909 4885 2053 4926 mnsanscs

360 4961 383 5012 la
401 4977 481 5028 quam
500 4979 513 5012 a
532 4959 691 5016 consistorio
716 4955 855 5010 dresdensi
876 4953 1070 5025 praescriptam
1095 4953 1177 5009 refert
1226 4955 1398 5009 declarandus
1421 4967 1507 5021 esset,
1534 4959 1654 5012 abstinet
1677 4971 1703 5014 et
1726 4957 1910 5013 tautummodo
1940 4971 2047 5012 manum

362 5042 408 5094 dn.
427 5042 552 5112 Carpsor.
568 5043 720 5113 jurisprud.
734 5039 914 5094 consistoriof.
927 5038 975 5092 lid.
990 5049 1015 5090 ι.
1033 5039 1074 5092 tit.
1087 5050 1112 5091 s.
1124 5040 1179 5111 defi
1226 5061 1320 5113 sponso
1345 5043 1473 5114 porrigite
1493 5047 1652 5114 quaeritur,
1676 5063 1709 5097 an
1728 5049 1780 5115 jam
1800 5043 1935 5116 sponsalia
1961 5041 2048 5112 perfa-

364 5139 422 5177 tss.
441 5145 469 5176 n.
493 5138 533 5178 ts.
552 5125 797 5180 Ecstlr'clasolldcr
816 5123 935 5193 Psarrer
959 5125 1027 5180 oder
1044 5125 1178 5180 diaeonus
1227 5129 1347 5182 ctissime
1365 5128 1418 5183 sint
1439 5125 1592 5183 contractai
1610 5129 1642 5184 Et
1659 5147 1728 5202 resp·
1747 5130 1817 5199 qaod
1836 5129 1889 5192 sic,
1909 5123 2012 5180 suffecit
2024 5143 2049 5178 e·

358 5212 418 5280 uris
428 5210 621 5281 Erjbrderunp
636 5212 693 5266 und
713 5209 911 5278 Anmefdnnne
932 5226 1105 5279 ergonpenen
1122 5210 1176 5265 Be·
1227 5212 1284 5264 uim
1302 5213 1328 5265 si
1346 5213 1435 5282 puella
1462 5229 1527 5281 prae
1552 5211 1710 5266 cmecundia
1737 5223 1838 5268 tantam
1857 5221 1976 5274 annul,
1999 5209 2050 5262 aid.

350 5298 429 5366 filiis
446 5295 658 5367 nochfirlpender
675 5293 749 5351 Reda
765 5293 822 5348 rich
837 5293 1019 5363 gebrauchen.
1227 5295 1272 5348 dn.
1292 5298 1401 5350 Praeses
1419 5297 1448 5350 iu
1467 5297 1541 5350 notia
1555 5297 1594 5352 nd
1604 5296 1687 5351 instit.
1705 5297 1747 5351 til.
1766 5298 1800 5350 tie
1813 5297 1914 5367 nuptiis
1920 5333 1929 5360 ‚
1949 5294 1995 5348 ubi
2016 5293 2048 5344 de

398 5381 519 5436 Gelt'cbte
531 5379 658 5436 Fecunda
668 5382 698 5436 in
709 5381 820 5438 Christo
830 5416 838 5444 ‚
848 5397 876 5433 es
888 5381 923 5431 in
932 5395 989 5433 nor
998 5380 1086 5434 ciuem
1099 5379 1176 5434 Etr·
1227 5383 1306 5436 modo
1319 5382 1490 5438 contrahendi
1504 5383 1600 5453 agitur,
1612 5381 1716 5436 sufficit
1728 5381 1801 5436 enim
1815 5379 1893 5436 modu
1905 5393 2049 5434 cousensus

360 5465 498 5535 wildigen
509 5468 671 5522 consistorio
684 5485 717 5519 eu
731 5466 770 5516 M·
784 5463 953 5533 orrflffoge,
975 5463 1103 5516 Antwort
1120 5459 1180 5516 und
1225 5467 1306 5532 adsit,
1320 5469 1377 5524 aire
1387 5467 1555 5538 exprimatur
1565 5485 1611 5523 seu
1623 5468 1712 5524 uerbis
1724 5467 1886 5530 declaretur,
1900 5465 1942 5520 rel
1953 5464 2045 5520 taeitos

349 5557 453 5624 sternar
466 5553 630 5622 Anbrr'ngen
641 5554 672 5604 in
686 5549 819 5604 Ede-und
829 5547 1176 5620 sctoeengernogscootn
1227 5571 1275 5626 per
1287 5554 1361 5625 sign.
1376 5553 1535 5608 doctor-arur.

356 5636 625 5706 gegenneertigerc.
636 5635 712 5690 Puni
728 5633 832 5687 fleu-5.
850 5633 964 5686 Toclrter
977 5631 1174 5698 Kloegerinon
1262 5643 1322 5695 er
1343 5639 1377 5693 de
1394 5637 1568 5694 matrimonio
1587 5635 1730 5692 surdorum
1754 5645 1780 5689 et
1803 5643 1937 5692 molomra
1963 5631 2044 5702 dispi-
2086 5641 2119 5682 ²⁹

243 5778 291 5787 Α
359 5722 560 5786 einem‚lfo1ns
579 5718 838 5790 &resaisitione
850 5717 962 5774 andern
978 5715 1173 5772 Tlteilaumts.
1230 5723 1363 5780 ciendum,
1382 5724 1417 5778 Ei
1433 5721 1542 5808 qutdgpn
1561 5719 1596 5778 d·
1613 5719 1709 5788 surdo,
1728 5721 1776 5794 qut
1795 5721 1893 5794 toqui,
1917 5727 1948 5776 nr
1966 5729 1992 5773 ar
2014 5713 2047 5771 de
