4442 6308
381 289 430 355 ιιι·
732 292 733 296 ’
947 284 1142 340 niseum.
1161 285 1209 336 ill.
1228 242 1346 336 Cdi‘b'T
1368 283 1405 335 ll.

1928 279 1980 334 388

323 400 427 457 perator
447 388 520 448 in§.
542 394 564 434 t.
575 383 601 454 1'
619 377 730 442 deliis,
748 379 796 450 qui
812 383 858 433 sui
874 380 916 432 cel
933 381 1041 434 nlira'
1010 401 1086 457 er
1079 381 1146 434 .·du
1199 379 1541 452 insupercomimperinm
1555 377 1893 449 romaunrniudiesrcagis
1915 379 2028 452 magisq-

324 473 385 542 plex
406 472 472 524 rllud
491 469 590 524 iussae
608 467 651 534 jus
671 464 740 518 artae
759 476 783 517 et
802 481 875 516 neers
896 482 923 516 ιιι
936 483 1040 518 serrum
1052 467 1148 531 ,etius
1199 464 1233 516 ad
1255 462 1849 530 humanitatem,etcumeaadebristianam
1872 466 2025 532 religionen

325 555 479 626 acquirendi
500 571 548 624 per
567 567 686 612 accerime
704 560 819 618 utroque
836 550 859 600 si
879 549 1035 604 abuteretur
1062 535 1176 602 dorni-¹

334 659 401 704 nus,
417 640 572 710 privatione
589 638 646 702 eius
667 633 834 704 puniebatur.

358 727 407 778 dus
426 724 492 776 ritae
510 731 540 774 et
565 719 654 782 necis,
674 716 792 786 quamuis
810 727 839 769 et
855 717 926 786 apud
950 719 1016 770 alias
1042 729 1148 786 gentes,

323 807 463 878 praecipue
479 817 565 859 tamen
585 801 653 871 apud
667 803 799 854 Romanos
812 801 840 852 in
854 819 942 855 serres
956 802 1074 855 dominis
1088 821 1149 854 con·

322 907 423 943 cessum
435 898 501 952 επις
513 905 576 941 uum
590 895 680 938 contra
692 884 868 938 humanitatis
880 886 1025 939 rationem?
1034 889 1072 938 lta
1083 887 1152 940 aide·

326 985 369 1026 tur
383 975 497 1027 Senecae
509 972 538 1024 in
551 987 594 1037 ep·
611 979 651 1020 ιι.
663 967 809 1020 scribenti:
821 971 893 1022 serni
904 981 982 1032 runt,
997 969 1053 1021 imo
1066 969 1152 1020 domi-

326 1074 389 1114 ner.
407 1059 480 1110 serui
497 1068 577 1120 suar,
596 1054 652 1106 imo
671 1053 895 1107 contubernales:
914 1055 986 1108 serui
1003 1065 1076 1120 sunt,
1097 1053 1152 1104 imo

325 1141 451 1194 domines
469 1139 567 1192 amici:
586 1133 756 1200 servissent,
776 1135 831 1188 imo
850 1138 982 1190 coraserui.
1001 1139 1070 1190 Nuus
1092 1156 1153 1190 cou-

323 1239 362 1282 tra
375 1225 533 1296 nequitatem
548 1219 715 1276 naturalem?
728 1223 884 1284 Multum,
877 1225 965 1292 inquit
980 1223 1089 1276 Grotius
1103 1225 1153 1274 ele·

324 1309 569 1380 gantssssmcdeJ
589 1308 615 1360 b.
634 1317 706 1374 etp.
725 1306 744 1356 l.
766 1317 789 1358 s.
809 1323 832 1357 e
855 1316 896 1358 tt.
908 1313 930 1368 §.
946 1317 970 1358 a.
991 1325 1019 1359 a.
1036 1309 1182 1380 adistat

328 1395 372 1461 id,
391 1395 494 1468 quod'
483 1411 590 1462 smprme
609 1395 637 1448 in
657 1390 812 1458 rerrumſst
830 1411 868 1446 ee·
884 1395 1007 1463 genricum
1027 1395 1110 1463 jure,
1129 1406 1157 1449 ιι

326 1481 370 1545 id,
389 1483 463 1553 quod
479 1480 621 1536 naturalis
639 1481 711 1533 ratio
720 1478 792 1548 fieri
801 1479 874 1532 sinit.
888 1481 1034 1534 videbitur
1048 1483 1092 1534 laic
1106 1482 1154 1535 dn·

327 1567 425 1630 minos,
436 1566 482 1636 qui
497 1567 603 1635 capiens
616 1581 736 1630 serrum,
755 1564 794 1616 ael
809 1581 937 1633 expresse
951 1567 990 1618 rel
1005 1566 1085 1617 tacite
1098 1567 1155 1636 ipso

328 1649 399 1702 lacto
410 1648 572 1720 captivitatis
585 1649 667 1701 sitam
682 1649 707 1700 ei
721 1648 913 1700 subserviendi
927 1649 1082 1703 conditione
1096 1668 1154 1721 [iro-

328 1732 452 1794 miserat,
468 1733 596 1785 occidens
614 1749 718 1784 serrum
739 1748 846 1802 peccare
863 1733 892 1784 in
912 1742 1047 1804 pactorum
1063 1731 1153 1798 iidem,

326 1836 405 1886 quam
420 1827 509 1870 sancte
521 1817 677 1870 servandam
688 1817 774 1886 ipsum
783 1819 942 1884 jusnaturae
954 1816 1070 1871 dictitat.
1086 1817 1151 1872 Adit.

325 1903 371 1955 dn.
382 1919 467 1972 praes.
477 1902 507 1954 a'n
519 1912 616 1956 aanor.
631 1903 669 1954 nd
679 1898 703 1970 ᾗ.
720 1914 740 1953 ι.
747 1902 774 1973 j
786 1901 819 1954 de
832 1901 887 1966 nist,
902 1903 949 1968 qui
960 1900 1005 1953 sui
1014 1901 1061 1952 vel
1072 1901 1156 1954 aliea.

274 1993 287 2033 ⁹
318 1988 378 2060 jur.
396 1987 454 2040 Non
474 1999 545 2040 certe
563 1985 625 2037 buin
644 1985 726 2036 dutrio
747 1983 916 2038 Schneidew.
934 1985 970 2036 ad
988 1986 1010 2050 §.
1034 1995 1056 2035 ι.
1077 2003 1105 2037 ιι.
1131 1995 1156 2036 ².

327 2070 477 2138 satisfacit,
495 2072 539 2142 qui
561 2071 620 2124 ideo
639 2072 686 2122 boc
704 2073 744 2137 jus
764 2069 831 2120 sitne
844 2079 868 2121 et
881 2069 954 2121 necis
968 2068 1150 2120 introductum

323 2155 393 2225 apud
411 2157 545 2208 Romanos
563 2165 652 2225 putat,
670 2156 743 2225 quod
763 2153 871 2205 domino
891 2170 919 2206 re
933 2169 977 2204 sua
992 2153 1064 2202 abuti
1081 2153 1148 2205 lice·

324 2249 381 2302 ret,
400 2257 448 2293 nee
466 2217 571 2294 cu'rasse
591 2241 740 2304 Romanos,
766 2239 830 2308 quid
857 2246 946 2305 ageret
974 2237 1097 2289 dominus
1124 2237 1158 2288 de

324 2337 414 2386 serso,
435 2324 463 2376 in
481 2342 533 2393 quo
553 2325 661 2393 plenum
682 2322 795 2376 babebat
814 2321 972 2376 dominium.
990 2320 1068 2373 Prius
1083 2321 1155 2373 enim

325 2423 359 2458 ex
378 2406 429 2472 iis,
446 2425 514 2477 quae
531 2426 592 2476 cap.
618 2419 639 2461 t.
659 2425 685 2458 n.
707 2421 750 2461 es.
769 2424 841 2476 seqq.
860 2407 927 2460 rlicta
948 2415 1028 2468 strat,
1046 2405 1156 2466 corruil;

326 2490 461 2560 posterius
479 2502 505 2546 et
523 2491 705 2563 praesumptio
724 2501 749 2542 et
768 2488 834 2544 fides
852 2491 981 2544 historica
1002 2491 1035 2544 de
1061 2491 1155 2542 solerti

326 2573 505 2628 Romanorum
526 2591 586 2628 cura
606 2577 632 2626 iu
651 2574 840 2643 promerendis
859 2576 927 2644 reip.
947 2573 1096 2628 commodis
1115 2590 1144 2625 re

328 2656 407 2710 tettts.
427 2659 598 2729 iniquitatem
619 2659 704 2728 igitur
724 2660 803 2710 istam
823 2658 893 2710 torte
911 2669 938 2711 et
951 2659 1096 2711 necessitas
1109 2673 1154 2710 es-

326 2744 441 2806 cusarit,
467 2753 496 2796 et
517 2745 619 2798 utilitas
645 2744 750 2812 publica
775 2741 965 2812 compensarit.
991 2741 1153 2794 Necessitate

327 2827 398 2876 enlm
417 2825 503 2894 aliqua
522 2825 555 2878 ad
576 2825 602 2876 id
621 2824 724 2878 adducti
738 2825 861 2879 ridentur
877 2822 1008 2888 Romani,
1023 2825 1084 2875 dum
1100 2843 1156 2877 ser-

327 2924 372 2961 vos
392 2925 438 2978 pro
457 2909 541 2962 nullis
564 2909 734 2973 babuerunt,
756 2919 823 2960 teate
843 2908 863 2959 1.
883 2919 924 2959 ιι.
935 2907 977 2976 ff.
995 2911 1028 2961 dc
1048 2926 1069 2962 r.
1082 2912 1108 2982 j.
1127 2921 1154 2964 et

1203 565 1261 600 sese
1279 558 1459 618 componeret,
1478 549 1626 618 promiscua
1641 549 1686 600 illa
1701 548 1856 601 saeuiensli'
1850 566 1877 600 sn
1892 566 1979 602 sersus
1999 551 2032 602 ti-

1168 633 1288 686 centia
1308 631 1426 684 dominis
1443 633 1581 702 adempta,
1603 633 1730 694 Antonini
1751 633 1912 702 praeprimis
1930 635 2030 686 consti·

1203 717 1314 778 tutione,
1328 735 1406 785 qnam
1422 734 1455 769 ex
1468 718 1486 768 1.
1504 728 1525 770 ι.
1540 727 1566 767 ιι
1578 714 1647 785 eff.
1661 718 1694 770 de
1705 717 1759 778 lits,
1771 716 1819 784 qui
1830 733 1873 770 sur
1870 717 1932 768 'vel
1944 719 2029 770 ιιΙιιιι.

1175 831 1179 870 ι
1197 803 1255 872 jur.
1276 801 1421 868 imperator
1441 800 1470 852 iu
1483 803 1505 868 §
1522 812 1545 852 2.
1552 802 1576 872 j.
1589 802 1648 854 cort.
1662 801 1784 860 adducit,
1799 816 1830 850 ex
1843 819 1893 868 qua
1907 817 1959 852 nna
1974 819 2030 852 arn·

1204 888 1274 956 plius
1294 887 1391 938 linctrat
1413 885 1531 937 dominis
1552 887 1650 938 saeuire
1670 887 1698 936 in
1718 902 1806 938 servos
1825 885 1884 937 siae
1903 887 2031 938 casssale-

1204 971 1281 1039 gilius
1298 969 1420 1036 cognita,
1439 972 1525 1039 qualis
1543 985 1600 1022 esse
1620 970 1740 1034 ridetur,
1760 975 1780 1021 si
1797 986 1899 1020 serrum
1916 971 1943 1020 in
1957 969 2033 1023 arlrrl-

1208 1056 1273 1108 terio
1291 1072 1350 1105 cum
1371 1069 1452 1106 urere
1470 1054 1676 1124 deprehenderit
1697 1070 1729 1106 ex
1748 1054 1765 1104 l.
1782 1063 1823 1106 ιι.
1834 1049 1874 1123 ff.
1892 1053 1931 1104 nd
1947 1055 1964 1106 l.
1983 1055 1996 1122 j
2006 1057 2033 1105 .Ι.

1207 1141 1239 1194 de
1257 1140 1346 1203 adult;
1339 1155 1434 1190 ·secus
1445 1141 1502 1208 jure
1516 1155 1563 1190 srrn
1576 1139 1683 1208 priaaba
1687 1147 1766 1199 ntur,
1779 1138 1876 1200 coacti,
1889 1137 2032 1190 loniscnn

1208 1223 1358 1275 ditionibus
1383 1239 1487 1274 serrum
1515 1223 1639 1274 venriere.
1667 1221 1798 1291 Quinimo
1825 1221 1850 1271 d.
1880 1221 2033 1274 Hadrianus
2079 1233 2111 1278 ιι

1179 1280 1373 1358 bUmbriciam
1392 1303 1531 1373 quamdam
1553 1317 1702 1358 matronam
1719 1306 1745 1356 in
1759 1306 1973 1374 quinquennium
1987 1324 2028 1358 re·

1180 1385 1323 1458 'legarit,
1349 1388 1418 1457 quod
1438 1406 1470 1440 ex
1490 1389 1635 1442 levissimis
1653 1389 1738 1441 causis
1765 1389 1877 1443 ancillas
1895 1393 2033 1444 atrocissi-

1210 1493 1252 1528 me
1278 1483 1432 1540 tractasset,
1459 1473 1591 1526 referente
1621 1474 1650 1525 id
1670 1474 1835 1544 L'lpiano,'
1824 1493 1852 1526 ιιι
1872 1475 1951 1542 alleg.
1970 1477 1988 1526 l.
2006 1487 2031 1527 ι.

1208 1559 1325 1611 Tarsdem
1345 1557 1410 1610 aden
1430 1561 1559 1610 coercitus
1577 1561 1622 1612 bic
1642 1558 1738 1612 abusus
1762 1558 1829 1622 tois,
1848 1569 1878 1612 ot
1901 1576 1933 1612 ex
1960 1559 2030 1612 Cun-
2079 1573 2111 1610 ss

1208 1643 1319 1696 stantini
1340 1644 1529 1696 constitutione
1548 1643 1576 1696 in
1589 1644 1608 1696 l.
1624 1662 1670 1696 un.
1683 1661 1707 1696 c.
1720 1645 1752 1697 de
1765 1642 1870 1696 emend.
1890 1660 1959 1697 rerv-
1982 1645 2035 1698 Do-

1209 1729 1299 1780 minus
1328 1727 1417 1781 dulose
1442 1729 1566 1781 occidens
1598 1745 1704 1782 serrum
1738 1728 1881 1782 homicidii
1909 1746 1970 1784 reus
1996 1729 2035 1784 ia·

1209 1825 1265 1866 ctus
1284 1813 1327 1865 sit.

1247 1898 1401 1951 Prosimum
1421 1895 1547 1948 abutendi
1566 1899 1635 1965 juris
1655 1900 1785 1954 dominici
1806 1901 1912 1954 modurn
1936 1919 1950 1953 a
1976 1917 2034 1955 sae·

1209 1981 1273 2034 sitia
1295 1983 1444 2034 Antoninus
1462 1981 1602 2034 coristituit
1622 1971 1737 2050 limem,
1752 1995 1780 2037 et
1797 1987 1832 2038 ob
1848 1987 1968 2040 eamdem
1983 1987 2036 2038 ius·

1211 2065 1376 2120 misericordi
1397 2065 1505 2118 domino
1524 2069 1565 2132 jus
1584 2082 1662 2120 suurn
1681 2069 1751 2134 juste
1769 2068 1870 2124 aulerci
1890 2081 1984 2141 aperte
1996 2089 2037 2124 sa·

1211 2153 1246 2204 tis
1266 2152 1363 2202 innuit.
1383 2148 1449 2202 Cous
1469 2150 1541 2203 euim
1561 2153 1688 2204 alimenta
1709 2154 1764 2207 sint
1788 2155 1856 2208 sitae
1882 2157 2034 2209 subsidium

1208 2253 1259 2304 per
1270 2235 1287 2286 l.
1305 2248 1329 2287 s.
1341 2251 1363 2286 e.
1377 2235 1601 2306 depompatur.
1619 2245 1644 2287 et
1666 2236 1704 2298 is,
1724 2238 1770 2307 qui
1784 2238 1816 2289 ad
1831 2258 1860 2292 ea
1874 2243 2033 2311 praestanda

1212 2331 1318 2372 tenetur
1332 2361 1339 2384 ,
1354 2339 1383 2373 ea
1396 2319 1530 2388 denegans
1543 2336 1636 2373 necare
1650 2320 1754 2374 dicatur
1767 2324 1797 2376 ιἰι
1809 2324 1826 2377 l.
1841 2343 1945 2379 necare.
1961 2325 2034 2394 ⁴·ff·

1210 2403 1242 2458 de
1256 2423 1364 2476 agnose.
1377 2405 1425 2456 vel
1434 2404 1525 2456 erlend.
1538 2405 1583 2457 lid.
1598 2423 1657 2458 cara.
1668 2423 1753 2471 pasce.
1775 2416 1816 2458 ιι.
1834 2405 1895 2458 dirr-
1917 2421 1961 2460 se.
1982 2409 2039 2460 Du·

1209 2491 1299 2541 minus
1311 2501 1394 2542 autem
1410 2506 1485 2542 seruo
1499 2487 1569 2538 nibil
1583 2487 1644 2552 sibi,
1655 2489 1724 2540 unde
1738 2489 1827 2542 risere
1840 2495 2038 2560 posset,arqui-

1209 2591 1269 2627 rere
1287 2573 1391 2637 ratensi,
1410 2572 1521 2626 omnine
1540 2573 1571 2622 sd
1591 2574 1715 2628 alimenta
1733 2573 1901 2642 obligabatur
1915 2574 1954 2629 nd
1965 2576 1982 2626 l.
1999 2587 2038 2626 ιι,

1208 2653 1230 2727 5,
1253 2653 1321 2724 ιβ
1335 2653 1615 2724 denominamur.
1635 2668 1686 2710 eut.
1705 2659 1779 2711 Haec
1798 2658 1898 2728 igitur,
1918 2660 1940 2710 si
1960 2677 2041 2728 prae-

1209 2749 1280 2794 stare
1305 2741 1435 2806 nolebat,
1461 2752 1533 2793 recte
1552 2745 1610 2810 jure
1627 2761 1674 2795 suo
1692 2745 1721 2796 in
1748 2759 1851 2798 serrum
1871 2744 2038 2815 prirabatur.

1209 2825 1283 2878 Adde
1300 2827 1362 2880 dob.
1384 2825 1461 2896 Bapt.
1480 2828 1590 2880 Paulae·
1611 2828 1643 2880 de
1657 2829 1732 2883 alim.
1746 2847 1770 2881 c.
1786 2840 1827 2883 tt.
1846 2846 1874 2881 ιι.
1895 2840 1915 2882 ι.
1935 2828 2035 2882 Eadem

1208 2910 1367 2980 privationis
1388 2928 1471 2980 poena
1491 2912 1519 2962 in
1538 2912 1628 2966 edicto
1648 2912 1674 2964 d.
1693 2913 1817 2980 Claudii,
1836 2914 1906 2984 qnod
1924 2913 1953 2968 in
1976 2917 1994 2968 i.
2014 2927 2038 2968 ι.

325 3009 340 3044 a
358 2993 520 3060 judiciorum
538 2993 690 3056 liminibus,
709 3011 775 3063 qnae
789 2993 874 3045 solum
889 2993 959 3044 cis-es
974 3011 1098 3046 romanos
1112 2997 1153 3046 in·
1198 2993 1239 3062 ff.
1254 2995 1370 3063 quisine
1385 3012 1506 3048 suonam.
1520 2994 1557 3046 ad
1568 2995 1654 3047 libert.
1666 3012 1745 3060 perv.
1758 2996 1776 3047 l.
1790 2995 1863 3050 unic.
1877 3003 1899 3060 §.
1914 3009 1939 3048 s·
1958 3015 1981 3050 c.
2002 2998 2037 3050 de

327 3087 398 3130 trare
414 3078 527 3140 licebat,
545 3077 738 3148 prohibuerunt
754 3078 771 3128 l.
788 3089 810 3129 t.
820 3075 863 3145 ff.
876 3078 915 3130 nd
926 3077 944 3128 l.
955 3094 1032 3130 corn.
1044 3080 1153 3149 dejirlr.

328 3161 455 3234 inprimis
468 3163 539 3234 quod
552 3162 621 3216 inter
635 3163 775 3216 dominnm
790 3173 814 3214 et
830 3180 932 3216 serunm
949 3163 1080 3231 juttctun
1095 3183 1154 3216 con·

327 3255 398 3300 stare
415 3248 559 3300 uoluerunt
577 3250 597 3298 l.
618 3261 642 3300 s.
661 3265 684 3300 e.
705 3268 751 3302 aa.
764 3265 838 3302 serv.
850 3266 963 3316 proruo
973 3250 1060 3319 ficeto
1079 3262 1152 3320 post.

329 3346 405 3384 mon.
423 3341 478 3384 ren.
497 3331 566 3400 quod
586 3331 704 3385 dominis
724 3332 899 3386 domesticam
918 3335 1099 3387 concesserint
1114 3337 1153 3400 iu-

329 3416 523 3472 risdictiouens.
543 3419 659 3470 decessit
677 3435 753 3471 causa
774 3421 904 3483 suasoria,
921 3421 1024 3474 utilitas
1038 3423 1151 3492 publica,

327 3510 358 3553 ut
375 3501 424 3554 hae
441 3519 562 3555 concessa
583 3512 710 3572 potestate
728 3502 898 3558 dominorum
919 3504 998 3556 simul
1017 3521 1045 3556 ac
1065 3507 1154 3576 reipu-

327 3584 413 3638 blicae
429 3586 567 3640 securitati
586 3587 681 3640 melius
693 3589 892 3650 consuleretur,
906 3600 983 3658 atque
996 3602 1084 3642 contra
1098 3607 1153 3642 ser·

328 3687 438 3736 vortam,
455 3671 502 3739 qui
520 3687 624 3740 semper
644 3679 809 3736 metuerent,
829 3674 928 3724 instare
941 3677 1051 3725 ultorem
1066 3675 1148 3728 domi·

329 3771 392 3806 num
406 3752 677 3823 ,conspirationibus
690 3756 865 3809 munirentur.
878 3755 1038 3826 Comprobat
1052 3760 1079 3809 id
1095 3761 1153 3828 syt-

332 3839 372 3900 la,
391 3837 455 3890 duna
475 3854 593 3903 suanm,
612 3839 659 3908 qui
678 3839 816 3893 dominnm
837 3857 913 3894 sutrim
933 3843 1085 3910 Sulpicium
1105 3844 1151 3895 tri·

333 3922 432 3975 bunum
453 3923 555 3992 plebis,
574 3924 733 3976 acerrimum
753 3925 817 3976 alias
833 3927 918 3993 Syllae
931 3925 1034 3978 bostem
1048 3930 1153 3981 occide·

335 4017 387 4071 rat,
407 4007 529 4060 libertale
545 4006 653 4077 quidem
672 4007 792 4071 donarit,
812 4009 856 4059 sed
876 4011 954 4079 paulo
967 4019 1035 4080 post,
1049 4023 1074 4064 ut
1086 4013 1151 4066 aiio·

332 4105 390 4140 runs
410 4107 541 4143 serrorum
564 4086 702 4161 perfidiam
722 4091 927 4160 comprimeret,
946 4095 978 4144 de
998 4109 1060 4145 saxo
1085 4095 1153 4146 Tar·

334 4175 390 4242 pejo
409 4173 581 4244 praecipitem
602 4173 686 4226 dedit.
706 4193 729 4228 t·
750 4177 859 4245 Hippoi.
879 4175 1025 4228 Bonrrwssa
1043 4179 1153 4232 deserv.

266 4261 293 4302 tt
333 4254 434 4324 etfirmt
444 4274 544 4324 praem.
556 4276 585 4326 p.
599 4269 622 4308 ι.
643 4257 709 4310 lude
727 4269 752 4310 et
772 4259 870 4312 iactum
890 4272 967 4330 puto,
978 4264 1047 4330 quod
1062 4263 1154 4316 adem·

333 4349 374 4407 pto
393 4341 444 4406 jam
465 4351 518 4392 tum
540 4350 648 4410 propter
659 4341 789 4405 abusum,
811 4343 844 4394 de
856 4361 908 4412 quo
920 4361 979 4395 rnna
995 4344 1152 4406 dicendum,

333 4423 451 4474 ‹iomiuis
469 4427 528 4492 jure
545 4425 616 4478 altae
636 4435 660 4478 et
679 4426 769 4490 necis,
788 4428 853 4477 serat
875 4427 1061 4496 delinquentes
1081 4447 1151 4480 sem·

334 4521 382 4576 per
398 4507 504 4576 gravius
522 4508 611 4578 puniti
632 4507 749 4571 luerint,
766 4527 844 4578 quam
866 4509 944 4562 liberi
960 4512 1090 4565 immines.
1102 4512 1155 4564 rid.

333 4591 352 4644 1.
370 4607 408 4646 ιιι.
419 4609 459 4660 pr.
462 4591 504 4660 ff.
517 4595 550 4645 de
561 4611 643 4660 poen.
658 4594 676 4644 1.
692 4605 714 4644 s.
727 4590 749 4664 5.
770 4605 788 4646 ι,
800 4593 841 4661 ff.
860 4593 893 4646 de
910 4596 1020 4648 incend.
1036 4595 1108 4648 rain.
1129 4607 1155 4649 er

267 4677 295 4718 Η
334 4691 357 4728 c.
369 4676 387 4726 l.
402 4685 423 4728 ι,
436 4694 459 4729 ι.
471 4676 505 4731 de
515 4695 612 4730 summ.
632 4677 708 4730 Tria.
722 4675 804 4746 erfid.
817 4680 888 4732 cnrlr.
902 4681 1030 4748 Quamvis
1042 4691 1066 4731 et
1081 4697 1111 4733 ea
1125 4698 1153 4732 ca

335 4761 436 4812 ratione
454 4780 550 4832 porum
568 4763 733 4815 remissiores
753 4764 781 4814 in
802 4765 899 4817 liberos
919 4775 1031 4818 statutas
1057 4779 1155 4834 putem,

335 4846 404 4913 quod
422 4849 539 4916 aequitas
556 4848 796 4916 cosnpensationem
815 4849 952 4918 quamdam
974 4851 1044 4901 inter
1062 4851 1154 4903 hortun

337 4931 515 4986 benemerita
535 4932 561 4982 in
581 4948 666 4998 remp.
685 4942 710 4982 et
729 4931 825 4985 delicta
839 4932 1031 4986 admittendum
1045 4952 1103 4988 esse
1116 4935 1154 4986 di-

335 5025 431 5078 ctaret,
450 5015 477 5067 id
495 5015 565 5086 quod
585 5033 637 5066 nors
656 5014 766 5068 obscure
786 5017 878 5068 innuit
906 5017 931 5066 d.
958 5017 1107 5071 tlntouiuos
1126 5023 1154 5071 in

337 5102 464 5170 rescripto
482 5119 497 5152 a
516 5101 596 5152 Paulo
614 5099 643 5152 in
656 5099 734 5168 alleg.
747 5101 765 5151 ἱ.
780 5111 803 5152 ι.
815 5097 838 5170 ᾗ.
855 5111 875 5151 ι.
890 5101 1010 5153 adducto.

268 5204 297 5243 ts
372 5185 499 5236 Diximus
518 5185 700 5237 necessitatem
719 5194 745 5237 et
765 5186 909 5237 utilitatem
928 5187 996 5256 apud
1023 5189 1154 5242 llomanos

335 5267 547 5338 jurisdictionem
560 5271 699 5341 qnamdam
715 5271 884 5324 domesticam
898 5275 1057 5326 concessisse
1071 5276 1156 5327 domi·

338 5355 380 5407 nis
400 5356 427 5407 in
446 5373 550 5418 serenas
570 5355 615 5407 sed
634 5367 660 5408 ιιι
677 5356 782 5423 egregie
800 5355 828 5405 id
848 5356 961 5408 declarat
981 5359 1060 5410 Grot.
1078 5359 1154 5426 alleg.

338 5439 389 5490 loc.
411 5441 434 5505 §.
466 5453 489 5493 t·
508 5439 598 5492 eadem
619 5441 746 5507 religione
770 5440 957 5501 exercendam,
976 5461 1025 5510 qua
1049 5435 1153 5511 publica

271 5523 299 5562 ’ὅ
338 5534 484 5578 exercetur
511 5523 576 5578 Cum
599 5533 686 5577 eutem
713 5524 814 5576 domini
843 5525 889 5575 lrac
908 5534 1033 5594 potestate
1052 5545 1104 5579 non
1125 5544 1153 5578 ea

1206 3078 1384 3132 latialibus.
1397 3080 1454 3133 toll.
1468 3080 1488 3130 l.
1504 3089 1526 3127 t.
1539 3081 1562 3146 §.
1576 3093 1598 3133 s.
1611 3099 1636 3132 c.
1647 3081 1748 3133 debon.
1763 3082 1963 3136 libernetaov.
1976 3095 2036 3136 sss.

1205 3179 1228 3214 e.
1243 3176 1265 3215 ι.
1285 3164 1411 3228 balncum,
1431 3163 1458 3214 in
1478 3161 1616 3215 dominum
1638 3163 1712 3214 illum
1733 3166 1893 3230 constituta,
1912 3167 1958 3235 qui
1981 3182 2038 3218 scr-

1207 3266 1266 3300 rum
1285 3257 1419 3316 aegrotum
1439 3249 1519 3299 durno
1537 3249 1678 3316 ejiciebat,
1700 3265 1748 3302 nec
1767 3249 1846 3300 ullam
1866 3251 1924 3319 ejus
1944 3267 2035 3302 euram

1205 3333 1300 3385 babere
1320 3330 1440 3396 ualebat,
1460 3347 1533 3382 serre
1552 3333 1678 3384 libertate
1697 3331 1804 3384 donato.

1243 3416 1312 3467 dlter
1331 3413 1437 3467 effectus
1456 3414 1523 3482 juris
1542 3415 1672 3468 ‹loaiuiei
1687 3427 1743 3468 crat
1763 3418 1903 3486 acquisitio
1916 3436 1964 3488 per
1982 3436 2038 3472 ser-

1205 3519 1273 3554 vum.
1294 3499 1359 3550 Cum
1380 3500 1452 3551 enim
1473 3500 1596 3552 dominus
1615 3511 1641 3553 et
1660 3520 1748 3556 sersus
1766 3504 1842 3556 cirili
1862 3501 1968 3557 ratione
1989 3524 2033 3558 re·

1206 3595 1363 3654 putarentur
1381 3604 1431 3636 unu
1443 3601 1554 3654 persona
1568 3587 1592 3651 §.
1606 3596 1646 3636 ιι.
1653 3605 1680 3658 J
1692 3585 1726 3640 de
1736 3587 1825 3640 inutil.
1838 3587 1897 3658 stip.
1912 3588 1930 3639 1.
1947 3600 1989 3641 ιι,
1999 3589 2036 3658 ffi

1205 3672 1237 3723 de
1250 3671 1350 3723 dotano
1364 3670 1429 3739 ins
1442 3670 1460 3722 l.
1478 3681 1517 3722 ιι.
1531 3679 1552 3734 §.
1568 3669 1637 3738 ².ff.
1652 3673 1684 3724 rie
1702 3674 1752 3742 leg.
1777 3684 1799 3725 t.
1818 3673 1883 3726 lude
1902 3675 2032 3744 quiequid

1204 3755 1355 3823 acquirebat
1374 3771 1479 3818 sersus,
1500 3754 1609 3806 domino
1628 3753 1790 3824 acquirebat.
1813 3755 1864 3808 Sed
1884 3769 1908 3809 et
1928 3759 1978 3812 bor
1995 3761 2035 3827 ju·
2100 3775 2113 3811 2

1206 3857 1235 3892 re
1254 3840 1377 3892 domiuus
1395 3840 1470 3891 abuti
1491 3851 1608 3909 poterut,
1628 3851 1652 3892 et
1673 3850 1865 3908 cousequenter
1879 3859 1910 3892 ιο
1926 3843 2035 3905 priseri.

1206 3921 1270 3975 Cum
1291 3923 1362 3974 enim
1385 3940 1476 3975 sersus
1494 3923 1601 3989 quidem
1617 3924 1726 3977 domino
1739 3925 1819 3994 plene
1833 3927 1990 3994 acquireret,
2007 3929 2033 3978 id

1206 4017 1293 4059 tamen
1302 4007 1513 4076 deaequisitione
1526 4009 1597 4060 licita
1607 4019 1668 4062 etex
1678 4011 1754 4062 rebus
1768 4010 1848 4064 licitis
1861 4017 2035 4080 proveniente

1205 4098 1262 4140 erat
1281 4087 1493 4156 intelligendum.
1512 4090 1585 4159 Quid
1606 4093 1627 4143 si
1647 4109 1711 4162 ergo
1729 4092 1854 4146 dominus
1871 4096 1932 4148 leno
1950 4098 2035 4148 ancil·
2077 4118 2110 4157 ιι

1206 4173 1244 4224 las
1262 4171 1294 4225 ad
1313 4186 1448 4242 quaestum
1470 4172 1619 4226 iaciendum
1641 4177 1743 4230 solebat
1763 4181 1936 4246 prostituere,
1949 4181 2034 4232 absol-

1207 4256 1332 4308 vebantur
1353 4257 1419 4308 istae
1437 4259 1511 4308 oruni
1533 4259 1701 4312 miseriarum
1728 4264 1901 4326 necessitate,
1920 4267 1940 4314 i.
1958 4282 1981 4316 e.
2000 4267 2035 4316 li·

1205 4339 1304 4392 bertate
1322 4339 1501 4405 donabantur,
1520 4343 1560 4393 uti
1580 4345 1759 4397 constarent.
1777 4345 1938 4400 Silenoner.
1955 4360 1995 4402 tt.
2009 4369 2034 4404 e.

1207 4423 1239 4476 de
1253 4424 1329 4493 episc.
1345 4425 1406 4477 nuri.
1420 4434 1446 4477 et
1458 4426 1476 4477 l.
1490 4426 1612 4479 lenones.
1628 4441 1653 4480 e.
1665 4447 1687 4482 c.
1702 4429 1734 4481 de
1745 4441 1863 4497 spectac.
1877 4433 1924 4486 tib.
1942 4445 1980 4486 ιι,

1243 4509 1318 4562 Circa
1340 4511 1573 4566 manumissionem
1600 4515 1698 4568 deiude
1724 4521 1805 4571 ctiam
1834 4520 1960 4574 domiuus
1978 4526 2038 4589 jure
2080 4546 2115 4585 se

1208 4613 1256 4646 suo
1274 4594 1346 4646 abuti
1367 4598 1542 4666 poterat„ael
1561 4601 1749 4670 intempestiue
1769 4603 1808 4655 rel
1828 4603 1966 4656 liberalius
1981 4625 2037 4658 ma-

1207 4681 1386 4734 numittendo.
1406 4683 1526 4754 Utraque
1546 4701 1594 4754 pro
1616 4687 1685 4739 nialla
1704 4689 1733 4742 in
1751 4691 1809 4757 jure
1824 4702 1916 4744 nostro
1931 4701 2035 4760 reputa·

1207 4773 1258 4815 tur.
1273 4764 1347 4813 illius
1360 4766 1509 4833 exernplura
1523 4766 1628 4835 praebet
1643 4767 1770 4824 daminus
1783 4788 1872 4824 servos
1888 4777 2035 4828 manumit·
2079 4797 2113 4839 ιι

1208 4858 1264 4899 tens
1277 4866 1335 4899 errrn
1349 4849 1375 4898 iu
1386 4845 1475 4910 burm,
1487 4857 1517 4902 ul
1529 4852 1727 4920 quaestionibus
1743 4857 1970 4924 subtraherentur,
1982 4861 2037 4914 rid.

1208 4931 1225 4980 l.
1237 4933 1385 5000 prospexit.
1403 4933 1487 5000 taff.
1500 4934 1583 5004 quiet
1598 4954 1615 4988 n
1629 4939 1702 5006 quib.
1715 4957 1839 4996 morsum.
1851 4945 1967 4998 Eaenirn
1980 4965 2022 5001 rna

1208 5015 1339 5068 numissio
1358 5017 1416 5088 ipsa
1433 5021 1492 5086 jure
1512 5021 1584 5072 nulla
1603 5032 1675 5084 erat,
1695 5041 1743 5076 nec
1762 5027 1845 5080 serris
1858 5045 1890 5080 ex
1906 5047 1934 5082 ea
1954 5032 2037 5087 liber·

1211 5106 1248 5149 tas
1265 5102 1443 5166 competebat:
1465 5121 1497 5155 ue
1517 5103 1717 5159 delictacnntra
1737 5109 1882 5164 utilitatem
1902 5115 2036 5185 reipubli-

1207 5199 1252 5234 cae
1270 5197 1405 5238 manerent
1421 5185 1569 5257 impunita,
1587 5190 1604 5243 i.
1618 5189 1656 5242 ιἰιι
1669 5193 1832 5247 colonatus.
1847 5208 1889 5248 at.
1909 5205 1931 5260 §.
1950 5206 2036 5256 nesti·

1210 5267 1303 5318 motio.
1319 5267 1384 5336 ²·ff
1395 5269 1431 5320 ad
1444 5271 1460 5322 l.
1478 5273 1562 5368 ιιᾳιιίἱἸ
1573 5275 1591 5325 l·
1604 5277 1738 5344 congruit.
1756 5289 1796 5330 ιι.
1804 5279 1894 5350 pmff.
1906 5285 1941 5336 de
1954 5286 2034 5356 offic.

1206 5363 1294 5410 praes
1313 5353 1484 5420 praeprimis
1505 5355 1533 5406 in
1554 5374 1588 5409 sss
1602 5357 1742 5417 delictis
1736 5377 1765 5412 ιιι
1778 5361 2035 5430 quibusnonalrse,

1208 5443 1251 5483 ιιιι
1271 5449 1322 5483 nun
1341 5437 1469 5488 certiores
1489 5439 1657 5508 probationes
1675 5441 1767 5496 baberi
1795 5456 1932 5515 poterant,
1950 5467 2031 5519 quarn

1207 5533 1239 5566 es
1259 5515 1338 5568 domo
1359 5521 1415 5580 scie
1436 5521 1544 5572 ueluti
1537 5539 1564 5574 sn
1583 5526 1731 5590 adulterio,
1751 5527 1805 5580 rid.
1823 5531 1841 5583 l
1858 5543 1900 5584 ιι.
1917 5551 1940 5586 c.
1958 5537 1996 5587 ud
2012 5539 2032 5588 1.

343 5606 471 5672 religione
496 5617 646 5672 uterentur,
671 5605 716 5659 sed
745 5625 792 5674 pro
818 5605 931 5656 libidine
956 5607 1152 5676 abuterentur
1203 5601 1252 5668 jut.
1265 5601 1395 5654 dendrrlt.
1410 5601 1487 5656 Circa
1501 5623 1639 5663 numerum
1658 5614 1739 5666 etiarn
1758 5619 2033 5678 manumittenloruro
2074 5653 2109 5694 ,ς

340 5690 419 5760 inque
439 5708 527 5746 serens
545 5709 597 5746 non
622 5693 714 5758 aliter,
733 5709 811 5762 quasa
831 5691 978 5760 iuperora,
1004 5695 1151 5760 saevirent,
1210 5689 1237 5741 iu
1259 5699 1415 5746 testamento
1433 5696 1605 5750 commissum
1623 5699 1735 5754 abusum
1753 5703 1856 5758 oliml.
1876 5705 1945 5762 lusia
1964 5715 2035 5766 cani
