4418 6266
654 347 987 440 msronnnto
1014 343 1224 423 DECIMA
1245 339 1469 418 OCTAVA

396 563 498 678 11)ῖί
534 544 1102 675 uutuuuttttottu
1135 539 1408 653 uuuutt
1442 539 1709 664 Mididi}

589 707 966 829 IBQJMIBW
1001 695 1498 822 Widdiiiffis

537 939 756 1000 oocAatonn
769 937 886 998 LEGIS
902 947 925 991 t.
942 937 976 990 C.
993 929 1056 988 DE
1077 925 1281 986 Vononen.
1299 923 1386 980 ΚΕΗ.
1406 925 1546 982 CIVITA
1554 927 1587 980 T.

750 1125 804 1169 ma
828 1100 862 1192 4.
885 1119 1042 1166 neowan.
1066 1111 1151 1158 raro
1175 1111 1363 1156 nocaxxxn.

897 1285 1233 1337 neronum!

534 1441 1580 1530 ancnortmcnlonscnwttnnn.

881 1669 884 1684 ¹
916 1578 1106 1636 conannas
1128 1576 1212 1631 rou.

795 1770 1352 1818 ψ

892 1937 1223 2012 PROOEMIUM.

229 2149 375 2282 Variis
398 2207 554 2275 hactenus
576 2201 760 2272 studiorum
783 2201 888 2294 gratia
913 2201 995 2268 risis
1017 2200 1209 2291 academiis,
1232 2215 1266 2271 et
1291 2202 1560 2298 peregrinatione
1582 2203 1625 2270 ad
1640 2219 1766 2270 exteros
1778 2225 1911 2296 quoquc

227 2299 370 2368 feliciter
392 2308 538 2388 peracta,
561 2294 660 2361 finem
677 2293 811 2359 tandem
833 2291 953 2359 studiis
976 2293 1058 2358 meis
1074 2293 1317 2386 imponendum
1334 2319 1402 2362 esee
1427 2293 1537 2362 rebar:
1553 2293 1653 2360 finem
1672 2305 1783 2360 autem
1800 2293 1914 2375 illum,

229 2391 308 2482 qnia
333 2411 399 2456 non
423 2385 529 2452 alium
557 2407 627 2452 esse
655 2380 764 2466 solui,
793 2405 854 2449 occ
876 2383 977 2450 etiam
1005 2381 1127 2466 debui,
1157 2409 1259 2478 quam
1290 2383 1406 2468 talem,
1435 2407 1540 2476 quem
1569 2383 1699 2540 publica
1727 2381 1916 2450 studiorum

228 2502 380 2548 meorum
405 2475 594 2544 testimonia
618 2471 875 2555 comitarentur,
898 2474 935 2538 in
959 2471 1159 2540 academiam
1180 2475 1339 2568 patriam,
1363 2475 1408 2542 sic
1430 2476 1523 2542 enim
1547 2473 1572 2540 il
1588 2491 1711 2542 ustrem
1733 2471 1817 2538 hanc
1841 2473 1913 2538 ria-

229 2569 377 2648 drinam,
399 2567 444 2632 ob
466 2586 673 2632 communem
697 2561 823 2652 patriae
846 2575 972 2654 patrem
996 2573 1030 2627 et
1053 2563 1238 2667 principem
1261 2565 1430 2659 appellare
1446 2565 1493 2631 fas
1507 2565 1587 2643 erit,
1604 2564 1706 2644 redii,
1720 2561 1820 2628 finem
1835 2584 1914 2666 par·

230 2661 293 2728 tim
317 2658 366 2725 ihi
391 2655 558 2736 facturus,
581 2655 643 2720 ubi
666 2649 855 2720 studiorum
880 2675 1029 2720 meorum
1055 2655 1151 2719 mitia
1176 2655 1255 2737 seci,
1280 2655 1403 2747 partim
1427 2655 1529 2721 etiam
1551 2653 1680 2746 publica
1696 2653 1754 2719 illa
1770 2665 1919 2730 testimo·

230 2751 285 2816 nia
311 2749 374 2815 rite
398 2746 650 2836 promeriturus:
676 2763 744 2834 quo
766 2742 868 2808 etiam
891 2765 966 2809 cum
993 2743 1176 2832 pertineat,
1199 2747 1378 2814 solemnem
1394 2745 1602 2814 conscribere
1624 2755 1658 2810 et
1681 2742 1718 2808 in
1741 2741 1914 2832 pubiicum

230 2861 397 2930 exponere
420 2835 703 2914 dissertationem,
727 2843 932 2935 praesentem
958 2831 1042 2899 hanc
1066 2857 1189 2915 meam,
1213 2835 1255 2904 de
1277 2836 1480 2904 alienatione
1502 2859 1615 2902 rerum
1638 2851 1738 2926 etque
1753 2833 1919 2898 bonorum

229 2930 421 3006 civitatum,
445 2924 598 2991 exhibeo.
622 2919 797 2989 Materiam
819 2939 929 3004 certe,
952 2939 992 2988 ut
1013 2920 1205 2992 difficultate
1228 2950 1287 2996 sua
1313 2949 1380 2993 non
1395 2943 1594 3008 carentem,
1622 2923 1668 2990 sic
1695 2922 1797 2988 etiam
1820 2945 1838 2986 a
1862 2921 1920 2988 do·

202 3063 204 3068 -
230 3019 397 3098 ctoribus,
426 3037 510 3106 quos
540 3012 625 3080 mihi
655 3011 813 3079 hactenus
842 3011 955 3079 ridere
984 3012 1096 3096 licuit,
1127 3036 1195 3080 non
1224 3017 1288 3084 nisi
1319 3016 1385 3083 leri
1415 3014 1572 3105 penicillo
1595 3025 1728 3082 tactam:
1751 3033 1855 3102 quam
1876 3013 1921 3079 ob

230 3131 379 3189 caussam,
403 3106 430 3172 si
455 3127 523 3170 non
546 3101 705 3170 omnibus
729 3099 965 3184 satisfecerim,
994 3102 1048 3170 rel
1071 3102 1172 3169 etiem
1198 3107 1233 3172 in
1259 3105 1464 3198 quibusdam
1488 3103 1684 3182 erraverim,
1706 3099 1799 3194 quod
1825 3125 1843 3168 a
1868 3125 1921 3168 me

233 3221 300 3266 non
323 3196 470 3263 alienum
495 3219 566 3262 esse
590 3211 687 3284 puto,
712 3191 803 3282 apud
829 3191 1005 3276 modestos,
1031 3195 1132 3298 justos
1154 3207 1187 3260 et
1211 3195 1323 3262 doctos
1342 3217 1454 3262 rerum
1478 3215 1645 3273 censores,
1670 3191 1816 3284 reliquos
1831 3193 1922 3258 enim

258 3311 353 3355 arum
377 3299 436 3352 aut
461 3285 547 3350 nihil
570 3281 664 3366 facio,
689 3282 783 3349 sacilc
807 3306 861 3348 me
891 3284 1023 3350 reniam
1054 3296 1311 3374 ampetraturum
1339 3282 1480 3351 confido.
1506 3282 1554 3348 Ut
1576 3301 1688 3350 autem
1717 3281 1919 3387 propositum

232 3313 293 3446 ios
316 3399 426 3446 meum
452 3399 491 3442 eo
515 3375 702 3465 promptius
725 3384 758 3439 et
782 3372 913 3440 felicius
933 3371 1102 3458 succedat,
1126 3375 1279 3444 invocato
1326 3375 1395 3442 rius
1418 3395 1509 3442 sacro
1523 3395 1548 3438 s.
1564 3373 1746 3442 Trinitatis
1762 3372 1922 3456 Numine,

234 3467 467 3560 imperatorem
492 3465 659 3548 Leonem,
682 3462 950 3530 manuductorem
974 3485 1154 3552 assumam,
1172 3465 1234 3558 qui
1250 3399 1324 3535 mii

233 3557 305 3626 reb.
329 3557 420 3626 aicit.
443 3555 673 3646 praepararit:

1324 3465 1441 3538 iriam
1457 3463 1494 3534 iu
1509 3461 1586 3556 lege
1604 3463 1634 3531 3.
1650 3485 1680 3530 c.
1694 3462 1739 3530 de
1759 3459 1923 3534 rendered.

420 3689 492 3757 Lex
519 3687 552 3755 3.
576 3713 606 3755 c.
630 3687 673 3756 de
697 3688 861 3757 rendend.
883 3689 953 3758 reb.
977 3689 1069 3759 civit.
1095 3691 1275 3786 imperator
1298 3692 1369 3760 Leo
1392 3697 1437 3762 A.
1462 3692 1625 3788 Erythrio
1649 3715 1683 3782 p.
1709 3713 1741 3782 p.

237 3829 277 3900 Si
299 3853 388 3923 quae
411 3825 638 3894 haereditatis
654 3827 704 3894 rei
721 3825 842 3918 legati,
856 3823 1203 3917 saufideicommr'ssi,
1221 3843 1282 3896 out
1300 3827 1500 3899 donationis
1516 3827 1618 3896 titolo
1634 3824 1770 3910 damus,
1786 3845 1847 3894 ant
1863 3853 1927 3894 an·

237 3943 347 3990 nonae
369 3917 504 3999 civiles,
528 3932 590 3984 out
612 3913 781 4008 quaelibet
803 3916 980 4010 aedilicia,
1003 3919 1055 3984 rel
1075 3924 1251 4012 mancipia
1257 3970 1268 4001 ,
1292 3919 1412 4026 adjus
1427 3923 1575 4021 inclytae
1590 3915 1698 4000 artis,
1714 3919 1767 3987 rel
1781 3918 1929 3986 alterins

237 4009 422 4102 cujuslibet
446 4009 598 4076 ciuitatis
618 4011 857 4098 pervenerint.-
878 4029 983 4099 snper
1005 4007 1057 4076 tta
1082 4007 1197 4077 licebit
1219 4008 1415 4080 cineardus
1431 4011 1654 4089 venditionis,
1676 4033 1741 4102 pro
1764 4032 1826 4076 suo
1840 4033 1930 4075 com·

236 4100 337 4169 modo
359 4100 452 4166 inire
473 4112 707 4164 contractum:
731 4112 769 4164 at
791 4120 925 4164 summo
943 4102 1067 4187 pretii,
1089 4101 1216 4170 exinde
1237 4101 1403 4182 collecta,
1427 4102 1474 4170 ad
1497 4097 1695 4172 renovando
1714 4103 1783 4168 sire
1796 4115 1932 4166 restau-

239 4190 358 4260 randa
380 4189 518 4279 publico
542 4191 675 4255 moenio
699 4187 902 4279 dispensata
921 4187 1098 4284 projiciat.
1119 4189 1306 4273 Indefesso
1329 4217 1405 4261 cero
1421 4217 1504 4262 caro
1514 4215 1597 4286 pros
1622 4192 1781 4276 icientes,
1796 4213 1839 4255 ne
1854 4195 1928 4282 quir

237 4281 403 4350 adversus
426 4281 601 4347 civitatum
624 4277 802 4346 commoda
826 4283 1007 4370 quicquam
1031 4279 1150 4348 moliri
1169 4287 1280 4376 possit
1296 4281 1518 4366 incommodi,
1535 4308 1570 4352 sc
1611 4282 1685 4350 sine
1702 4277 1931 4370 ullafroude,

237 4397 300 4442 scu
324 4369 592 4448 nundinatione,
616 4369 668 4435 rel
690 4367 841 4436 colludio
863 4393 923 4436 seu
947 4371 1177 4456 conniventia,
1200 4371 1398 4463 hujusmodi
1413 4371 1625 4442 venditiones
1636 4369 1850 4464 procedant,
1866 4369 1933 4440 itae

238 4468 274 4530 in
295 4477 468 4554 posteram
491 4457 737 4527 obseruandum
759 4482 832 4527 esse
855 4482 1045 4546 censemus,
1070 4475 1106 4527 ut
1131 4465 1163 4531 si
1185 4462 1325 4554 quidem
1348 4463 1398 4530 ad
1419 4464 1511 4532 leone
1535 4463 1703 4554 inclytam
1719 4459 1931 4548 urbem,do·

240 4575 352 4632 mum,
373 4549 428 4618 vel
450 4550 563 4617 civiles
586 4573 763 4630 annonas,
786 4563 848 4616 aut
871 4550 946 4617 olio
968 4548 1139 4642 quaelibet
1161 4552 1324 4643 aedificia
1347 4555 1395 4622 ret
1419 4557 1594 4648 mancipio
1613 4554 1828 4646 pertinentia
1851 4575 1934 4620 con·

239 4646 360 4734 tigerit
384 4639 593 4710 venundari:
617 4665 686 4708 non
709 4641 814 4708 aliter
836 4639 906 4708 nisi
927 4641 1097 4732 imperiali
1119 4647 1325 4712 anctoritate
1343 4643 1558 4712 condantur:
1581 4647 1619 4710 in
1634 4645 1823 4736 provinciis
1839 4663 1934 4728 varo,

238 4729 479 4827 praesentibus
502 4727 657 4798 omnibns
678 4755 738 4797 seu
760 4729 909 4820 plurima
927 4747 1048 4821 parte,
1072 4745 1143 4799 tam
1166 4733 1370 4816 curialium,
1392 4759 1496 4826 quam
1518 4735 1768 4807 honoratorum
1795 4747 1829 4800 et
1853 4757 1936 4826 pos·

241 4845 413 4892 sessorum
435 4823 606 4902 ciuitatis,
629 4817 675 4886 ad
698 4843 801 4910 quam
825 4844 882 4888 res
900 4820 1099 4912 praedictae
1110 4827 1287 4913 pertinent
1298 4825 1488 4917 propositis
1506 4827 1741 4895 sacrosanctis
1754 4825 1935 4910 scripturis

242 4911 430 5002 sigillatim
453 4933 724 5003 unumquemque
746 4935 878 4991 eornm,
901 4915 962 5002 qui
983 4915 1197 4998 convenerit,
1215 4913 1374 5002 jubemus
1394 4921 1621 4996 sententiam,
1636 4939 1738 5009 quam
1777 4930 1849 4982 utet
1864 4919 1936 4984 nti·
1983 4972 1987 4981 .

242 5005 308 5072 iem
327 5004 465 5093 patriae
489 5026 570 5068 suae
594 5000 798 5090 designare:
821 5015 859 5066 ut
883 5003 934 5068 ita
960 4999 1096 5070 demum
1118 5002 1251 5072 decreti
1274 5005 1477 5075 recitatione
1503 5009 1542 5072 in
1567 4941 1781 5100 provinciaii.
1794 5003 1936 5096 judicio

242 5093 501 5169 interveniente,
526 5109 662 5180 emptor
690 5105 930 5180 competentem
954 5094 1066 5183 possit
1094 5092 1218 5161 habere
1244 5097 1423 5164 cautelam.
1453 5095 1527 5165 Hos
1556 5111 1672 5167 antam
1704 5093 1938 5166 venditionum

242 5195 458 5266 contractas,
481 5183 548 5248 sire
561 5187 642 5272 jorn
668 5183 828 5273 completi
838 5183 999 5272 suerint,
1022 5183 1092 5254 sire
1110 5201 1233 5276 postea
1257 5184 1569 5278 ineundisuerint,
1591 5184 1737 5256 stabiles
1760 5208 1833 5256 esse
1855 5209 1937 5255 cen·

245 5297 365 5343 semus.
