<?xml version="1.0" encoding="UTF-8"?>
<!DOCTYPE html PUBLIC "-//W3C//DTD XHTML 1.0 Transitional//EN"
    "http://www.w3.org/TR/xhtml1/DTD/xhtml1-transitional.dtd">
<html xmlns="http://www.w3.org/1999/xhtml" xml:lang="en" lang="en">
 <head>
  <title>
</title>
<meta http-equiv="Content-Type" content="text/html;charset=utf-8" />
  <meta name='ocr-system' content='tesseract 3.04.00' />
  <meta name='ocr-capabilities' content='ocr_page ocr_carea ocr_par ocr_line ocrx_word'/>
</head>
<body>
  <div class='ocr_page' id='page_1' title='image "./samuelisstrykii08schogoog_0438.png"; bbox 0 0 4418 6266; ppageno 0'>
   <div class='ocr_carea' id='block_1_1' title="bbox 821 325 1671 410">
    <p class='ocr_par' dir='ltr' id='par_1_1' title="bbox 821 325 1671 410">
     <span class='ocr_line' id='line_1_1' title="bbox 821 325 1671 410; baseline -0.002 -2"><span class='ocrx_word' id='word_1_1' title='bbox 821 325 1269 410; x_wconf 76' lang='lat' dir='ltr'><strong>olsett&#39;rnrlo</strong></span> <span class='ocrx_word' id='word_1_2' title='bbox 1320 326 1671 407; x_wconf 76' lang='lat' dir='ltr'><strong>VIGESIMA</strong></span> 
     </span>
    </p>
   </div>
   <div class='ocr_carea' id='block_1_2' title="bbox 513 538 1975 820">
    <p class='ocr_par' dir='ltr' id='par_1_2' title="bbox 513 538 1975 874">
     <span class='ocr_line' id='line_1_2' title="bbox 513 538 1975 661; baseline -0.002 -8"><span class='ocrx_word' id='word_1_3' title='bbox 513 539 631 653; x_wconf 83' lang='lat' dir='ltr'><strong>uu</strong></span> <span class='ocrx_word' id='word_1_4' title='bbox 684 543 931 658; x_wconf 85' lang='lat' dir='ltr'><strong>uuuu</strong></span> <span class='ocrx_word' id='word_1_5' title='bbox 985 539 1605 656; x_wconf 81' lang='lat' dir='ltr'><strong>uuusuuuuu</strong></span> <span class='ocrx_word' id='word_1_6' title='bbox 1657 538 1975 661; x_wconf 78' lang='lat' dir='ltr'><strong>cauea</strong></span> 
     </span>
     <span class='ocr_line' id='line_1_3' title="bbox 523 695 1741 820; baseline -0.007 -3"><span class='ocrx_word' id='word_1_7' title='bbox 523 749 526 754; x_wconf 92' lang='lat'>·</span> <span class='ocrx_word' id='word_1_8' title='bbox 754 699 1220 820; x_wconf 85' lang='lat' dir='ltr'><strong>uueouuu</strong></span> <span class='ocrx_word' id='word_1_9' title='bbox 1270 695 1741 820; x_wconf 74' lang='lat' dir='ltr'><strong>annuunt.</strong></span> 
     </span>
    </p>
   </div>
   <div class='ocr_carea' id='block_1_3' title="bbox 731 913 1740 1000">
    <p class='ocr_par' dir='ltr' id='par_1_3' title="bbox 731 913 1740 1000">
     <span class='ocr_line' id='line_1_4' title="bbox 731 913 1740 1000; baseline -0.005 -15"><span class='ocrx_word' id='word_1_10' title='bbox 731 941 814 986; x_wconf 76' lang='lat' dir='ltr'><strong>anno</strong></span> <span class='ocrx_word' id='word_1_11' title='bbox 838 945 872 986; x_wconf 86' lang='grc' dir='ltr'><strong>ιι.</strong></span> <span class='ocrx_word' id='word_1_12' title='bbox 897 945 947 988; x_wconf 86' lang='lat' dir='ltr'><strong>nc.</strong></span> <span class='ocrx_word' id='word_1_13' title='bbox 974 944 1109 988; x_wconf 81' lang='lat' dir='ltr'><strong>nxxxru.</strong></span> <span class='ocrx_word' id='word_1_14' title='bbox 1135 915 1174 984; x_wconf 88' lang='lat' dir='ltr'><strong>ad</strong></span> <span class='ocrx_word' id='word_1_15' title='bbox 1198 939 1257 982; x_wconf 83' lang='lat' dir='ltr'><strong>rut.</strong></span> <span class='ocrx_word' id='word_1_16' title='bbox 1281 936 1413 996; x_wconf 74' lang='lat' dir='ltr'><strong>narmi,</strong></span> <span class='ocrx_word' id='word_1_17' title='bbox 1438 913 1536 982; x_wconf 86' lang='lat' dir='ltr'><strong>Horis</strong></span> <span class='ocrx_word' id='word_1_18' title='bbox 1559 915 1740 1000; x_wconf 85' lang='lat' dir='ltr'><strong>consuetis,</strong></span> 
     </span>
    </p>
   </div>
   <div class='ocr_carea' id='block_1_4' title="bbox 1079 1127 1425 1173">
    <p class='ocr_par' dir='ltr' id='par_1_4' title="bbox 1079 1127 1425 1173">
     <span class='ocr_line' id='line_1_5' title="bbox 1079 1127 1425 1173; baseline -0.02 0"><span class='ocrx_word' id='word_1_19' title='bbox 1079 1127 1425 1173; x_wconf 65' lang='lat' dir='ltr'><strong>alaronottrtrt</strong></span> 
     </span>
    </p>
   </div>
   <div class='ocr_carea' id='block_1_5' title="bbox 743 1287 1755 1380">
    <p class='ocr_par' dir='ltr' id='par_1_5' title="bbox 743 1287 1755 1380">
     <span class='ocr_line' id='line_1_6' title="bbox 743 1287 1755 1380; baseline -0.006 -22"><span class='ocrx_word' id='word_1_20' title='bbox 743 1291 979 1362; x_wconf 71' lang='lat' dir='ltr'><strong>toacultto</strong></span> <span class='ocrx_word' id='word_1_21' title='bbox 1005 1293 1037 1360; x_wconf 83' lang='grc' dir='ltr'><strong>Α</strong></span> <span class='ocrx_word' id='word_1_22' title='bbox 1059 1291 1344 1374; x_wconf 77' lang='lat' dir='ltr'><strong>PRlTZBAUR,</strong></span> <span class='ocrx_word' id='word_1_23' title='bbox 1367 1289 1477 1380; x_wconf 90' lang='lat' dir='ltr'><strong>EQU.</strong></span> <span class='ocrx_word' id='word_1_24' title='bbox 1501 1287 1755 1356; x_wconf 82' lang='lat' dir='ltr'><strong>lllEGAPOL..</strong></span> 
     </span>
    </p>
   </div>
   <div class='ocr_carea' id='block_1_6' title="bbox 969 1467 1527 1512">
    <p class='ocr_par' dir='ltr' id='par_1_6' title="bbox 969 1467 1527 1512">
     <span class='ocr_line' id='line_1_7' title="bbox 969 1467 1527 1512; baseline -0.011 -16"><span class='ocrx_word' id='word_1_25' title='bbox 969 1467 1527 1512; x_wconf 57' lang='grc' dir='ltr'><strong>...ψ-σ-</strong></span> 
     </span>
    </p>
   </div>
   <div class='ocr_carea' id='block_1_7' title="bbox 1125 1647 1463 1718">
    <p class='ocr_par' dir='ltr' id='par_1_7' title="bbox 1125 1647 1463 1718">
     <span class='ocr_line' id='line_1_8' title="bbox 1125 1647 1463 1718; baseline -0.015 -1"><span class='ocrx_word' id='word_1_26' title='bbox 1125 1647 1463 1718; x_wconf 64' lang='lat' dir='ltr'><strong>peremto.</strong></span> 
     </span>
    </p>
   </div>
   <div class='ocr_carea' id='block_1_8' title="bbox 320 1838 2151 4598">
    <p class='ocr_par' dir='ltr' id='par_1_8' title="bbox 320 1838 2151 4598">
     <span class='ocr_line' id='line_1_9' title="bbox 403 1838 2074 2006; baseline -0.003 -28"><span class='ocrx_word' id='word_1_27' title='bbox 403 1838 641 1980; x_wconf 82' lang='lat' dir='ltr'><strong>Praesentem</strong></span> <span class='ocrx_word' id='word_1_28' title='bbox 666 1911 780 1982; x_wconf 85' lang='lat' dir='ltr'><strong>ubivis</strong></span> <span class='ocrx_word' id='word_1_29' title='bbox 804 1916 953 1983; x_wconf 86' lang='lat' dir='ltr'><strong>venerari</strong></span> <span class='ocrx_word' id='word_1_30' title='bbox 978 1915 1112 1998; x_wconf 84' lang='lat' dir='ltr'><strong>Deum,</strong></span> <span class='ocrx_word' id='word_1_31' title='bbox 1136 1937 1188 1981; x_wconf 89' lang='lat' dir='ltr'><strong>res</strong></span> <span class='ocrx_word' id='word_1_32' title='bbox 1210 1925 1281 1993; x_wconf 76' lang='lat' dir='ltr'><strong>est,</strong></span> <span class='ocrx_word' id='word_1_33' title='bbox 1297 1935 1384 2004; x_wconf 88' lang='lat' dir='ltr'><strong>quae</strong></span> <span class='ocrx_word' id='word_1_34' title='bbox 1405 1911 1599 1980; x_wconf 83' lang='lat' dir='ltr'><strong>cliristlanos</strong></span> <span class='ocrx_word' id='word_1_35' title='bbox 1616 1936 1716 2006; x_wconf 88' lang='lat' dir='ltr'><strong>quam</strong></span> <span class='ocrx_word' id='word_1_36' title='bbox 1736 1911 1880 1978; x_wconf 79' lang='lat' dir='ltr'><strong>maxime</strong></span> <span class='ocrx_word' id='word_1_37' title='bbox 1897 1909 2004 1977; x_wconf 82' lang='lat' dir='ltr'><strong>decet.</strong></span> <span class='ocrx_word' id='word_1_38' title='bbox 2022 1907 2074 1974; x_wconf 87' lang='lat' dir='ltr'><strong>Dei</strong></span> 
     </span>
     <span class='ocr_line' id='line_1_10' title="bbox 407 1997 2075 2098; baseline 0.004 -42"><span class='ocrx_word' id='word_1_39' title='bbox 407 1997 492 2068; x_wconf 79' lang='lat' dir='ltr'><strong>vices</strong></span> <span class='ocrx_word' id='word_1_40' title='bbox 517 2003 678 2071; x_wconf 87' lang='lat' dir='ltr'><strong>in&#39;terris</strong></span> <span class='ocrx_word' id='word_1_41' title='bbox 702 2006 856 2098; x_wconf 88' lang='lat' dir='ltr'><strong>princeps</strong></span> <span class='ocrx_word' id='word_1_42' title='bbox 885 2006 1043 2090; x_wconf 85' lang='lat' dir='ltr'><strong>sustinet,</strong></span> <span class='ocrx_word' id='word_1_43' title='bbox 1075 2029 1177 2097; x_wconf 87' lang='lat' dir='ltr'><strong>quare</strong></span> <span class='ocrx_word' id='word_1_44' title='bbox 1207 2003 1304 2094; x_wconf 90' lang='lat' dir='ltr'><strong>probi</strong></span> <span class='ocrx_word' id='word_1_45' title='bbox 1332 2005 1414 2071; x_wconf 85' lang='lat' dir='ltr'><strong>civis</strong></span> <span class='ocrx_word' id='word_1_46' title='bbox 1442 2022 1510 2089; x_wconf 84' lang='lat' dir='ltr'><strong>est,</strong></span> <span class='ocrx_word' id='word_1_47' title='bbox 1539 2004 1702 2097; x_wconf 89' lang='lat' dir='ltr'><strong>quiequid</strong></span> <span class='ocrx_word' id='word_1_48' title='bbox 1732 2004 1857 2094; x_wconf 84' lang='lat' dir='ltr'><strong>negotii</strong></span> <span class='ocrx_word' id='word_1_49' title='bbox 1887 2002 1924 2067; x_wconf 92' lang='lat' dir='ltr'><strong>in</strong></span> <span class='ocrx_word' id='word_1_50' title='bbox 1954 1997 2075 2091; x_wconf 77' lang='lat' dir='ltr'>republ.</span> 
     </span>
     <span class='ocr_line' id='line_1_11' title="bbox 404 2091 2072 2187; baseline -0.001 -32"><span class='ocrx_word' id='word_1_51' title='bbox 404 2093 601 2182; x_wconf 83' lang='lat' dir='ltr'><strong>susceperit,</strong></span> <span class='ocrx_word' id='word_1_52' title='bbox 618 2105 707 2160; x_wconf 87' lang='lat' dir='ltr'><strong>tauta</strong></span> <span class='ocrx_word' id='word_1_53' title='bbox 724 2093 788 2161; x_wconf 90' lang='lat' dir='ltr'><strong>fide</strong></span> <span class='ocrx_word' id='word_1_54' title='bbox 804 2120 839 2162; x_wconf 92' lang='lat' dir='ltr'><strong>ac</strong></span> <span class='ocrx_word' id='word_1_55' title='bbox 855 2096 960 2162; x_wconf 89' lang='lat' dir='ltr'><strong>animi</strong></span> <span class='ocrx_word' id='word_1_56' title='bbox 983 2094 1124 2162; x_wconf 76' lang='lat' dir='ltr'><strong>candore</strong></span> <span class='ocrx_word' id='word_1_57' title='bbox 1146 2094 1321 2187; x_wconf 85' lang='lat' dir='ltr'><strong>expedire,</strong></span> <span class='ocrx_word' id='word_1_58' title='bbox 1347 2118 1384 2161; x_wconf 90' lang='lat' dir='ltr'><strong>ac</strong></span> <span class='ocrx_word' id='word_1_59' title='bbox 1408 2094 1434 2160; x_wconf 91' lang='lat' dir='ltr'><strong>si</strong></span> <span class='ocrx_word' id='word_1_60' title='bbox 1460 2113 1664 2186; x_wconf 83' lang='lat' dir='ltr'><strong>praesentem</strong></span> <span class='ocrx_word' id='word_1_61' title='bbox 1690 2093 1819 2184; x_wconf 90' lang='lat' dir='ltr'><strong>ubique</strong></span> <span class='ocrx_word' id='word_1_62' title='bbox 1836 2091 1976 2158; x_wconf 88' lang='lat' dir='ltr'><strong>baberet</strong></span> <span class='ocrx_word' id='word_1_63' title='bbox 1991 2091 2072 2180; x_wconf 90' lang='lat' dir='ltr'><strong>prin·</strong></span> 
     </span>
     <span class='ocr_line' id='line_1_12' title="bbox 401 2181 2073 2278; baseline -0.002 -30"><span class='ocrx_word' id='word_1_64' title='bbox 401 2182 528 2272; x_wconf 85' lang='lat' dir='ltr'><strong>cipem.</strong></span> <span class='ocrx_word' id='word_1_65' title='bbox 558 2182 669 2250; x_wconf 74' lang='lat' dir='ltr'><strong>Nesus</strong></span> <span class='ocrx_word' id='word_1_66' title='bbox 697 2186 787 2251; x_wconf 90' lang='lat' dir='ltr'><strong>enim</strong></span> <span class='ocrx_word' id='word_1_67' title='bbox 818 2185 894 2268; x_wconf 88' lang='lat' dir='ltr'><strong>ille,</strong></span> <span class='ocrx_word' id='word_1_68' title='bbox 923 2207 993 2278; x_wconf 92' lang='lat' dir='ltr'><strong>quo</strong></span> <span class='ocrx_word' id='word_1_69' title='bbox 1020 2187 1280 2278; x_wconf 90' lang='lat' dir='ltr'><strong>unumquemvis</strong></span> <span class='ocrx_word' id='word_1_70' title='bbox 1309 2184 1520 2251; x_wconf 86' lang='lat' dir='ltr'><strong>subditorum</strong></span> <span class='ocrx_word' id='word_1_71' title='bbox 1548 2186 1763 2251; x_wconf 84' lang='lat' dir='ltr'><strong>constrictum</strong></span> <span class='ocrx_word' id='word_1_72' title='bbox 1791 2200 1882 2248; x_wconf 89' lang='lat' dir='ltr'><strong>tenet</strong></span> <span class='ocrx_word' id='word_1_73' title='bbox 1910 2181 2073 2272; x_wconf 84' lang='lat' dir='ltr'><strong>princeps,</strong></span> 
     </span>
     <span class='ocr_line' id='line_1_13' title="bbox 405 2271 2071 2368; baseline -0.002 -32"><span class='ocrx_word' id='word_1_74' title='bbox 405 2271 527 2338; x_wconf 83' lang='lat' dir='ltr'>nullibi</span> <span class='ocrx_word' id='word_1_75' title='bbox 550 2278 672 2340; x_wconf 89' lang='lat' dir='ltr'><strong>otiosus</strong></span> <span class='ocrx_word' id='word_1_76' title='bbox 694 2293 762 2356; x_wconf 88' lang='lat' dir='ltr'><strong>est,</strong></span> <span class='ocrx_word' id='word_1_77' title='bbox 787 2299 848 2342; x_wconf 89' lang='lat' dir='ltr'><strong>nec</strong></span> <span class='ocrx_word' id='word_1_78' title='bbox 873 2275 973 2343; x_wconf 92' lang='lat' dir='ltr'><strong>ullam</strong></span> <span class='ocrx_word' id='word_1_79' title='bbox 999 2277 1126 2366; x_wconf 87' lang='lat' dir='ltr'><strong>patitur</strong></span> <span class='ocrx_word' id='word_1_80' title='bbox 1150 2277 1399 2364; x_wconf 79' lang='lat' dir='ltr'><strong>exceptionem,</strong></span> <span class='ocrx_word' id='word_1_81' title='bbox 1423 2275 1478 2341; x_wconf 90' lang='lat' dir='ltr'><strong>sed</strong></span> <span class='ocrx_word' id='word_1_82' title='bbox 1509 2276 1638 2368; x_wconf 92' lang='lat' dir='ltr'><strong>ubique</strong></span> <span class='ocrx_word' id='word_1_83' title='bbox 1666 2277 1773 2367; x_wconf 89' lang='lat' dir='ltr'><strong>potius</strong></span> <span class='ocrx_word' id='word_1_84' title='bbox 1797 2286 1907 2339; x_wconf 85' lang='lat' dir='ltr'><strong>moret</strong></span> <span class='ocrx_word' id='word_1_85' title='bbox 1931 2283 1965 2337; x_wconf 86' lang='lat' dir='ltr'><strong>et</strong></span> <span class='ocrx_word' id='word_1_86' title='bbox 1988 2285 2071 2360; x_wconf 85' lang='lat' dir='ltr'><strong>urget</strong></span> 
     </span>
     <span class='ocr_line' id='line_1_14' title="bbox 403 2363 2151 2458; baseline -0.003 -32"><span class='ocrx_word' id='word_1_87' title='bbox 403 2363 659 2446; x_wconf 86' lang='lat' dir='ltr'><strong>conscientiam,</strong></span> <span class='ocrx_word' id='word_1_88' title='bbox 688 2377 722 2432; x_wconf 88' lang='lat' dir='ltr'><strong>et</strong></span> <span class='ocrx_word' id='word_1_89' title='bbox 749 2379 894 2433; x_wconf 86' lang='lat' dir='ltr'><strong>sanctam</strong></span> <span class='ocrx_word' id='word_1_90' title='bbox 926 2367 1123 2458; x_wconf 79' lang='lat' dir='ltr'><strong>imperantis</strong></span> <span class='ocrx_word' id='word_1_91' title='bbox 1151 2364 1297 2433; x_wconf 86' lang='lat' dir='ltr'><strong>inculcat</strong></span> <span class='ocrx_word' id='word_1_92' title='bbox 1331 2366 1604 2454; x_wconf 79' lang='lat' dir='ltr'><strong>venerationem3</strong></span> <span class='ocrx_word' id='word_1_93' title='bbox 1634 2379 1673 2432; x_wconf 91' lang='lat' dir='ltr'><strong>ut</strong></span> <span class='ocrx_word' id='word_1_94' title='bbox 1701 2367 1771 2450; x_wconf 87' lang='lat' dir='ltr'><strong>ita,</strong></span> <span class='ocrx_word' id='word_1_95' title='bbox 1798 2363 1875 2429; x_wconf 86' lang='lat' dir='ltr'><strong>licet</strong></span> <span class='ocrx_word' id='word_1_96' title='bbox 1906 2371 2073 2450; x_wconf 86' lang='lat' dir='ltr'><strong>conspectu</strong></span> <span class='ocrx_word' id='word_1_97' title='bbox 2150 2365 2151 2368; x_wconf 75' lang='grc'>’</span> 
     </span>
     <span class='ocr_line' id='line_1_15' title="bbox 389 2451 2069 2543; baseline -0.002 -26"><span class='ocrx_word' id='word_1_98' title='bbox 389 2454 558 2543; x_wconf 85' lang='lat' dir='ltr'><strong>princeps</strong></span> <span class='ocrx_word' id='word_1_99' title='bbox 581 2455 685 2536; x_wconf 88' lang='lat' dir='ltr'><strong>absit,</strong></span> <span class='ocrx_word' id='word_1_100' title='bbox 709 2457 825 2524; x_wconf 84' lang='lat' dir='ltr'><strong>revelli</strong></span> <span class='ocrx_word' id='word_1_101' title='bbox 853 2469 966 2524; x_wconf 87' lang='lat' dir='ltr'><strong>tamen</strong></span> <span class='ocrx_word' id='word_1_102' title='bbox 997 2457 1164 2526; x_wconf 84' lang='lat' dir='ltr'><strong>mentibus</strong></span> <span class='ocrx_word' id='word_1_103' title='bbox 1188 2479 1253 2522; x_wconf 92' lang='lat' dir='ltr'><strong>non</strong></span> <span class='ocrx_word' id='word_1_104' title='bbox 1277 2454 1411 2524; x_wconf 89' lang='lat' dir='ltr'><strong>debeat.</strong></span> <span class='ocrx_word' id='word_1_105' title='bbox 1435 2455 1482 2521; x_wconf 82' lang='lat' dir='ltr'><strong>At</strong></span> <span class='ocrx_word' id='word_1_106' title='bbox 1506 2482 1583 2524; x_wconf 81' lang='lat' dir='ltr'><strong>vero</strong></span> <span class='ocrx_word' id='word_1_107' title='bbox 1607 2481 1674 2522; x_wconf 90' lang='lat' dir='ltr'><strong>non</strong></span> <span class='ocrx_word' id='word_1_108' title='bbox 1698 2455 1847 2521; x_wconf 86' lang='lat' dir='ltr'><strong>omnium</strong></span> <span class='ocrx_word' id='word_1_109' title='bbox 1870 2453 1928 2519; x_wconf 90' lang='lat' dir='ltr'><strong>hic</strong></span> <span class='ocrx_word' id='word_1_110' title='bbox 1952 2451 2069 2517; x_wconf 84' lang='lat' dir='ltr'><strong>illibata</strong></span> 
     </span>
     <span class='ocr_line' id='line_1_16' title="bbox 402 2539 2072 2636; baseline -0.002 -30"><span class='ocrx_word' id='word_1_111' title='bbox 402 2541 531 2633; x_wconf 83' lang='lat' dir='ltr'><strong>religio.</strong></span> <span class='ocrx_word' id='word_1_112' title='bbox 557 2543 703 2626; x_wconf 84' lang='lat' dir='ltr'><strong>b&#39;lultos,</strong></span> <span class='ocrx_word' id='word_1_113' title='bbox 726 2546 927 2636; x_wconf 82' lang='lat' dir='ltr'><strong>professione</strong></span> <span class='ocrx_word' id='word_1_114' title='bbox 950 2561 1061 2614; x_wconf 89' lang='lat' dir='ltr'><strong>tamen</strong></span> <span class='ocrx_word' id='word_1_115' title='bbox 1085 2549 1295 2630; x_wconf 86' lang='lat' dir='ltr'><strong>christianos,</strong></span> <span class='ocrx_word' id='word_1_116' title='bbox 1311 2547 1348 2612; x_wconf 93' lang='lat' dir='ltr'><strong>in</strong></span> <span class='ocrx_word' id='word_1_117' title='bbox 1364 2547 1455 2612; x_wconf 87' lang='lat' dir='ltr'><strong>diem</strong></span> <span class='ocrx_word' id='word_1_118' title='bbox 1479 2546 1592 2614; x_wconf 86' lang='lat' dir='ltr'><strong>virere</strong></span> <span class='ocrx_word' id='word_1_119' title='bbox 1615 2541 1784 2627; x_wconf 83' lang='lat' dir='ltr'><strong>advertes,</strong></span> <span class='ocrx_word' id='word_1_120' title='bbox 1801 2545 1899 2635; x_wconf 76' lang='lat' dir='ltr'><strong>quasi</strong></span> <span class='ocrx_word' id='word_1_121' title='bbox 1918 2567 1979 2609; x_wconf 83' lang='lat' dir='ltr'><strong>nec</strong></span> <span class='ocrx_word' id='word_1_122' title='bbox 1994 2539 2072 2606; x_wconf 83' lang='lat' dir='ltr'><strong>Deus</strong></span> 
     </span>
     <span class='ocr_line' id='line_1_17' title="bbox 403 2631 2066 2729; baseline -0.003 -32"><span class='ocrx_word' id='word_1_123' title='bbox 403 2631 518 2713; x_wconf 90' lang='lat' dir='ltr'><strong>ullus,</strong></span> <span class='ocrx_word' id='word_1_124' title='bbox 553 2659 613 2702; x_wconf 89' lang='lat' dir='ltr'><strong>nec</strong></span> <span class='ocrx_word' id='word_1_125' title='bbox 640 2637 802 2704; x_wconf 90' lang='lat' dir='ltr'><strong>malorum</strong></span> <span class='ocrx_word' id='word_1_126' title='bbox 833 2638 944 2706; x_wconf 79' lang='lat' dir='ltr'><strong>vider.</strong></span> <span class='ocrx_word' id='word_1_127' title='bbox 978 2639 1054 2706; x_wconf 84' lang='lat' dir='ltr'><strong>Non</strong></span> <span class='ocrx_word' id='word_1_128' title='bbox 1082 2639 1251 2729; x_wconf 85' lang='lat' dir='ltr'><strong>pauciores</strong></span> <span class='ocrx_word' id='word_1_129' title='bbox 1280 2639 1403 2727; x_wconf 89' lang='lat' dir='ltr'><strong>pariter</strong></span> <span class='ocrx_word' id='word_1_130' title='bbox 1433 2637 1468 2702; x_wconf 91' lang='lat' dir='ltr'><strong>iu</strong></span> <span class='ocrx_word' id='word_1_131' title='bbox 1500 2635 1629 2727; x_wconf 85' lang='lat' dir='ltr'><strong>republ.</strong></span> <span class='ocrx_word' id='word_1_132' title='bbox 1660 2635 1815 2716; x_wconf 83' lang='lat' dir='ltr'><strong>videris,</strong></span> <span class='ocrx_word' id='word_1_133' title='bbox 1836 2633 1919 2700; x_wconf 87' lang='lat' dir='ltr'><strong>adeo</strong></span> <span class='ocrx_word' id='word_1_134' title='bbox 1947 2653 2066 2710; x_wconf 83' lang='lat' dir='ltr'><strong>secure,</strong></span> 
     </span>
     <span class='ocr_line' id='line_1_18' title="bbox 402 2719 2066 2822; baseline -0.003 -34"><span class='ocrx_word' id='word_1_135' title='bbox 402 2721 483 2788; x_wconf 89' lang='lat' dir='ltr'><strong>adeo</strong></span> <span class='ocrx_word' id='word_1_136' title='bbox 498 2725 677 2796; x_wconf 87' lang='lat' dir='ltr'><strong>oscitanter</strong></span> <span class='ocrx_word' id='word_1_137' title='bbox 691 2729 803 2792; x_wconf 91' lang='lat' dir='ltr'><strong>omnia</strong></span> <span class='ocrx_word' id='word_1_138' title='bbox 821 2741 1034 2821; x_wconf 81' lang='lat' dir='ltr'><strong>peragentes,</strong></span> <span class='ocrx_word' id='word_1_139' title='bbox 1057 2731 1150 2822; x_wconf 87' lang='lat' dir='ltr'><strong>quasi</strong></span> <span class='ocrx_word' id='word_1_140' title='bbox 1177 2729 1239 2820; x_wconf 89' lang='lat' dir='ltr'><strong>ipsi</strong></span> <span class='ocrx_word' id='word_1_141' title='bbox 1265 2751 1376 2794; x_wconf 90' lang='lat' dir='ltr'><strong>rerum</strong></span> <span class='ocrx_word' id='word_1_142' title='bbox 1400 2727 1611 2820; x_wconf 69' lang='lat' dir='ltr'><strong>potirentur,</strong></span> <span class='ocrx_word' id='word_1_143' title='bbox 1634 2738 1668 2792; x_wconf 86' lang='lat' dir='ltr'><strong>et</strong></span> <span class='ocrx_word' id='word_1_144' title='bbox 1697 2724 1801 2792; x_wconf 90' lang='lat' dir='ltr'><strong>nullla</strong></span> <span class='ocrx_word' id='word_1_145' title='bbox 1825 2723 1994 2814; x_wconf 86' lang='lat' dir='ltr'><strong>superiori</strong></span> <span class='ocrx_word' id='word_1_146' title='bbox 2017 2719 2066 2785; x_wconf 87' lang='lat' dir='ltr'><strong>ali·</strong></span> 
     </span>
     <span class='ocr_line' id='line_1_19' title="bbox 405 2808 2068 2909; baseline -0.001 -29"><span class='ocrx_word' id='word_1_147' title='bbox 405 2815 542 2904; x_wconf 91' lang='lat' dir='ltr'><strong>quando</strong></span> <span class='ocrx_word' id='word_1_148' title='bbox 565 2815 730 2882; x_wconf 88' lang='lat' dir='ltr'><strong>reddenda</strong></span> <span class='ocrx_word' id='word_1_149' title='bbox 755 2808 849 2884; x_wconf 76' lang='lat' dir='ltr'><strong>ratio&#39;.</strong></span> <span class='ocrx_word' id='word_1_150' title='bbox 874 2819 987 2908; x_wconf 87' lang='lat' dir='ltr'><strong>Quare</strong></span> <span class='ocrx_word' id='word_1_151' title='bbox 1009 2821 1199 2887; x_wconf 86' lang='lat' dir='ltr'><strong>consultum</strong></span> <span class='ocrx_word' id='word_1_152' title='bbox 1223 2820 1381 2900; x_wconf 90' lang='lat' dir='ltr'><strong>omnino,</strong></span> <span class='ocrx_word' id='word_1_153' title='bbox 1404 2833 1442 2885; x_wconf 91' lang='lat' dir='ltr'><strong>ut</strong></span> <span class='ocrx_word' id='word_1_154' title='bbox 1466 2819 1621 2909; x_wconf 87' lang='lat' dir='ltr'><strong>princeps</strong></span> <span class='ocrx_word' id='word_1_155' title='bbox 1644 2815 1846 2908; x_wconf 78' lang='lat' dir='ltr'><strong>(nandoque</strong></span> <span class='ocrx_word' id='word_1_156' title='bbox 1870 2813 1998 2881; x_wconf 81' lang='lat' dir='ltr'><strong>civium</strong></span> <span class='ocrx_word' id='word_1_157' title='bbox 2020 2833 2068 2878; x_wconf 83' lang='lat' dir='ltr'><strong>no·</strong></span> 
     </span>
     <span class='ocr_line' id='line_1_20' title="bbox 406 2843 2070 3001; baseline -0.002 -33"><span class='ocrx_word' id='word_1_158' title='bbox 406 2905 506 2993; x_wconf 85' lang='lat' dir='ltr'><strong>gotiis</strong></span> <span class='ocrx_word' id='word_1_159' title='bbox 529 2929 681 2996; x_wconf 87' lang='lat' dir='ltr'><strong>praeseus</strong></span> <span class='ocrx_word' id='word_1_160' title='bbox 704 2908 765 2993; x_wconf 67' lang='lat' dir='ltr'><strong>sit,</strong></span> <span class='ocrx_word' id='word_1_161' title='bbox 781 2931 849 3000; x_wconf 89' lang='lat' dir='ltr'><strong>quo</strong></span> <span class='ocrx_word' id='word_1_162' title='bbox 864 2911 1058 2977; x_wconf 86' lang='lat' dir='ltr'><strong>auctoritate</strong></span> <span class='ocrx_word' id='word_1_163' title='bbox 1074 2935 1134 2979; x_wconf 87' lang='lat' dir='ltr'><strong>sua</strong></span> <span class='ocrx_word' id='word_1_164' title='bbox 1151 2911 1284 2976; x_wconf 78' lang='lat' dir='ltr'><strong>suenum</strong></span> <span class='ocrx_word' id='word_1_165' title='bbox 1308 2910 1438 3001; x_wconf 86' lang='lat' dir='ltr'><strong>injiciat</strong></span> <span class='ocrx_word' id='word_1_166' title='bbox 1460 2907 1597 2976; x_wconf 90' lang='lat' dir='ltr'><strong>ausibus</strong></span> <span class='ocrx_word' id='word_1_167' title='bbox 1620 2843 1854 2990; x_wconf 80' lang='lat' dir='ltr'><strong>subditorum,</strong></span> <span class='ocrx_word' id='word_1_168' title='bbox 1870 2928 1915 2970; x_wconf 88' lang='lat' dir='ltr'><strong>ne</strong></span> <span class='ocrx_word' id='word_1_169' title='bbox 1931 2902 2070 2970; x_wconf 87' lang='lat' dir='ltr'><strong>effrenata</strong></span> 
     </span>
     <span class='ocr_line' id='line_1_21' title="bbox 405 2993 2071 3090; baseline -0.004 -30"><span class='ocrx_word' id='word_1_170' title='bbox 405 2993 568 3081; x_wconf 87' lang='lat' dir='ltr'><strong>libidine,</strong></span> <span class='ocrx_word' id='word_1_171' title='bbox 593 2997 670 3077; x_wconf 90' lang='lat' dir='ltr'><strong>illa,</strong></span> <span class='ocrx_word' id='word_1_172' title='bbox 694 3021 781 3088; x_wconf 91' lang='lat' dir='ltr'><strong>quae</strong></span> <span class='ocrx_word' id='word_1_173' title='bbox 805 2999 947 3090; x_wconf 90' lang='lat' dir='ltr'><strong>publicis</strong></span> <span class='ocrx_word' id='word_1_174' title='bbox 970 3000 1133 3068; x_wconf 84' lang='lat' dir='ltr'><strong>destinata</strong></span> <span class='ocrx_word' id='word_1_175' title='bbox 1156 3000 1351 3080; x_wconf 85' lang='lat' dir='ltr'><strong>commodis,</strong></span> <span class='ocrx_word' id='word_1_176' title='bbox 1368 3004 1404 3066; x_wconf 89' lang='lat' dir='ltr'><strong>in</strong></span> <span class='ocrx_word' id='word_1_177' title='bbox 1428 3025 1522 3069; x_wconf 87' lang='lat' dir='ltr'><strong>suam</strong></span> <span class='ocrx_word' id='word_1_178' title='bbox 1544 3010 1736 3068; x_wconf 84' lang='lat' dir='ltr'><strong>convertant</strong></span> <span class='ocrx_word' id='word_1_179' title='bbox 1759 2996 1952 3063; x_wconf 87' lang='lat' dir='ltr'><strong>utilitatem.</strong></span> <span class='ocrx_word' id='word_1_180' title='bbox 1968 2993 2071 3083; x_wconf 86' lang='lat' dir='ltr'><strong>Quan-</strong></span> 
     </span>
     <span class='ocr_line' id='line_1_22' title="bbox 404 3084 2071 3183; baseline -0.003 -33"><span class='ocrx_word' id='word_1_181' title='bbox 404 3098 476 3166; x_wconf 83' lang='lat' dir='ltr'><strong>tum</strong></span> <span class='ocrx_word' id='word_1_182' title='bbox 502 3087 581 3154; x_wconf 86' lang='lat' dir='ltr'><strong>alias</strong></span> <span class='ocrx_word' id='word_1_183' title='bbox 607 3087 643 3151; x_wconf 93' lang='lat' dir='ltr'><strong>in</strong></span> <span class='ocrx_word' id='word_1_184' title='bbox 669 3087 812 3178; x_wconf 91' lang='lat' dir='ltr'><strong>publicis</strong></span> <span class='ocrx_word' id='word_1_185' title='bbox 836 3091 915 3156; x_wconf 91' lang='lat' dir='ltr'><strong>belli</strong></span> <span class='ocrx_word' id='word_1_186' title='bbox 940 3092 1099 3183; x_wconf 87' lang='lat' dir='ltr'><strong>pacisque</strong></span> <span class='ocrx_word' id='word_1_187' title='bbox 1125 3092 1271 3181; x_wconf 84' lang='lat' dir='ltr'><strong>negotiis</strong></span> <span class='ocrx_word' id='word_1_188' title='bbox 1294 3103 1502 3156; x_wconf 87' lang='lat' dir='ltr'><strong>momentum</strong></span> <span class='ocrx_word' id='word_1_189' title='bbox 1532 3089 1657 3156; x_wconf 83' lang='lat' dir='ltr'><strong>adferat</strong></span> <span class='ocrx_word' id='word_1_190' title='bbox 1686 3087 1846 3179; x_wconf 89' lang='lat' dir='ltr'><strong>principis</strong></span> <span class='ocrx_word' id='word_1_191' title='bbox 1877 3084 2071 3176; x_wconf 87' lang='lat' dir='ltr'><strong>praesentia,</strong></span> 
     </span>
     <span class='ocr_line' id='line_1_23' title="bbox 402 3171 2067 3270; baseline -0.001 -31"><span class='ocrx_word' id='word_1_192' title='bbox 402 3198 440 3240; x_wconf 83' lang='lat' dir='ltr'><strong>ex</strong></span> <span class='ocrx_word' id='word_1_193' title='bbox 465 3177 615 3241; x_wconf 89' lang='lat' dir='ltr'><strong>omnium</strong></span> <span class='ocrx_word' id='word_1_194' title='bbox 638 3175 842 3246; x_wconf 81' lang='lat' dir='ltr'><strong>consessione</strong></span> <span class='ocrx_word' id='word_1_195' title='bbox 863 3193 1007 3268; x_wconf 85' lang='lat' dir='ltr'><strong>constat,</strong></span> <span class='ocrx_word' id='word_1_196' title='bbox 1031 3194 1069 3248; x_wconf 86' lang='lat' dir='ltr'><strong>ut</strong></span> <span class='ocrx_word' id='word_1_197' title='bbox 1092 3181 1186 3260; x_wconf 88' lang='lat' dir='ltr'><strong>binc,</strong></span> <span class='ocrx_word' id='word_1_198' title='bbox 1202 3183 1229 3248; x_wconf 88' lang='lat' dir='ltr'><strong>si</strong></span> <span class='ocrx_word' id='word_1_199' title='bbox 1255 3181 1376 3262; x_wconf 88' lang='lat' dir='ltr'><strong>ullibi,</strong></span> <span class='ocrx_word' id='word_1_200' title='bbox 1399 3193 1486 3248; x_wconf 82' lang='lat' dir='ltr'><strong>certe</strong></span> <span class='ocrx_word' id='word_1_201' title='bbox 1510 3181 1562 3248; x_wconf 88' lang='lat' dir='ltr'><strong>bic</strong></span> <span class='ocrx_word' id='word_1_202' title='bbox 1588 3183 1681 3247; x_wconf 85' lang='lat' dir='ltr'><strong>&#39;uret</strong></span> <span class='ocrx_word' id='word_1_203' title='bbox 1703 3177 1890 3270; x_wconf 87' lang='lat' dir='ltr'><strong>praesentia</strong></span> <span class='ocrx_word' id='word_1_204' title='bbox 1916 3171 2067 3242; x_wconf 77' lang='lat' dir='ltr'><strong>turuile</strong></span> 
     </span>
     <span class='ocr_line' id='line_1_24' title="bbox 320 3207 2071 3368; baseline -0.003 -37"><span class='ocrx_word' id='word_1_205' title='bbox 320 3339 322 3350; x_wconf 36' lang='grc' dir='ltr'>Ι</span> <span class='ocrx_word' id='word_1_206' title='bbox 408 3267 747 3368; x_wconf 77' lang='lat' dir='ltr'><strong>negotiisimperium</strong></span> <span class='ocrx_word' id='word_1_207' title='bbox 764 3270 957 3338; x_wconf 81' lang='lat' dir='ltr'><strong>universum</strong></span> <span class='ocrx_word' id='word_1_208' title='bbox 979 3271 1274 3355; x_wconf 88' lang='lat' dir='ltr'><strong>concernentibus,</strong></span> <span class='ocrx_word' id='word_1_209' title='bbox 1294 3293 1334 3336; x_wconf 90' lang='lat' dir='ltr'><strong>eo</strong></span> <span class='ocrx_word' id='word_1_210' title='bbox 1359 3274 1464 3363; x_wconf 90' lang='lat' dir='ltr'><strong>major</strong></span> <span class='ocrx_word' id='word_1_211' title='bbox 1487 3207 1687 3362; x_wconf 88' lang='lat' dir='ltr'><strong>quandoque</strong></span> <span class='ocrx_word' id='word_1_212' title='bbox 1709 3266 1913 3359; x_wconf 85' lang='lat' dir='ltr'><strong>praesentiae</strong></span> <span class='ocrx_word' id='word_1_213' title='bbox 1936 3261 2071 3332; x_wconf 89' lang='lat' dir='ltr'><strong>habenda</strong></span> 
     </span>
     <span class='ocr_line' id='line_1_25' title="bbox 406 3354 2072 3453; baseline -0.004 -31"><span class='ocrx_word' id='word_1_214' title='bbox 406 3371 511 3435; x_wconf 81' lang='lat' dir='ltr'><strong>ratio,</strong></span> <span class='ocrx_word' id='word_1_215' title='bbox 535 3379 611 3421; x_wconf 91' lang='lat' dir='ltr'><strong>cum</strong></span> <span class='ocrx_word' id='word_1_216' title='bbox 635 3380 703 3422; x_wconf 90' lang='lat' dir='ltr'><strong>uon</strong></span> <span class='ocrx_word' id='word_1_217' title='bbox 727 3381 767 3425; x_wconf 78' lang='lat' dir='ltr'><strong>ex</strong></span> <span class='ocrx_word' id='word_1_218' title='bbox 792 3360 894 3428; x_wconf 91' lang='lat' dir='ltr'><strong>unius</strong></span> <span class='ocrx_word' id='word_1_219' title='bbox 910 3359 1049 3428; x_wconf 90' lang='lat' dir='ltr'><strong>arbitrio</strong></span> <span class='ocrx_word' id='word_1_220' title='bbox 1072 3387 1185 3429; x_wconf 88' lang='lat' dir='ltr'><strong>rerum</strong></span> <span class='ocrx_word' id='word_1_221' title='bbox 1209 3383 1337 3430; x_wconf 85' lang='lat' dir='ltr'><strong>summa</strong></span> <span class='ocrx_word' id='word_1_222' title='bbox 1360 3360 1567 3453; x_wconf 64' lang='lat' dir='ltr'><strong>dependeat,</strong></span> <span class='ocrx_word' id='word_1_223' title='bbox 1584 3359 1639 3426; x_wconf 88' lang='lat' dir='ltr'><strong>sed</strong></span> <span class='ocrx_word' id='word_1_224' title='bbox 1656 3373 1703 3424; x_wconf 91' lang='lat' dir='ltr'><strong>tot</strong></span> <span class='ocrx_word' id='word_1_225' title='bbox 1720 3357 1852 3448; x_wconf 90' lang='lat' dir='ltr'><strong>imperii</strong></span> <span class='ocrx_word' id='word_1_226' title='bbox 1863 3356 2028 3424; x_wconf 89' lang='lat' dir='ltr'><strong>columina</strong></span> <span class='ocrx_word' id='word_1_227' title='bbox 2044 3354 2072 3417; x_wconf 91' lang='lat' dir='ltr'><strong>iu</strong></span> 
     </span>
     <span class='ocr_line' id='line_1_26' title="bbox 402 3446 2070 3542; baseline -0.002 -30"><span class='ocrx_word' id='word_1_228' title='bbox 402 3467 577 3513; x_wconf 90' lang='lat' dir='ltr'><strong>commune</strong></span> <span class='ocrx_word' id='word_1_229' title='bbox 593 3446 742 3516; x_wconf 87' lang='lat' dir='ltr'><strong>conferre</strong></span> <span class='ocrx_word' id='word_1_230' title='bbox 757 3467 944 3534; x_wconf 89' lang='lat' dir='ltr'><strong>teneantur,</strong></span> <span class='ocrx_word' id='word_1_231' title='bbox 959 3473 1046 3542; x_wconf 90' lang='lat' dir='ltr'><strong>quae</strong></span> <span class='ocrx_word' id='word_1_232' title='bbox 1062 3452 1101 3518; x_wconf 89' lang='lat' dir='ltr'><strong>ad</strong></span> <span class='ocrx_word' id='word_1_233' title='bbox 1121 3451 1353 3519; x_wconf 86' lang='lat' dir='ltr'><strong>stabiliendam</strong></span> <span class='ocrx_word' id='word_1_234' title='bbox 1375 3451 1467 3518; x_wconf 89' lang='lat' dir='ltr'><strong>banc·</strong></span> <span class='ocrx_word' id='word_1_235' title='bbox 1483 3451 1628 3542; x_wconf 90' lang='lat' dir='ltr'><strong>reipubl.</strong></span> <span class='ocrx_word' id='word_1_236' title='bbox 1645 3471 1834 3540; x_wconf 84' lang='lat' dir='ltr'><strong>compagem</strong></span> <span class='ocrx_word' id='word_1_237' title='bbox 1859 3446 2070 3537; x_wconf 83' lang='lat' dir='ltr'><strong>pertinebant.</strong></span> 
     </span>
     <span class='ocr_line' id='line_1_27' title="bbox 406 3535 2072 3634; baseline -0.002 -33"><span class='ocrx_word' id='word_1_238' title='bbox 406 3535 549 3624; x_wconf 90' lang='lat' dir='ltr'><strong>Quando</strong></span> <span class='ocrx_word' id='word_1_239' title='bbox 580 3561 657 3603; x_wconf 82' lang='lat' dir='ltr'><strong>vero</strong></span> <span class='ocrx_word' id='word_1_240' title='bbox 687 3537 739 3606; x_wconf 84' lang='lat' dir='ltr'><strong>rel</strong></span> <span class='ocrx_word' id='word_1_241' title='bbox 767 3541 998 3630; x_wconf 84' lang='lat' dir='ltr'><strong>imperatoris,</strong></span> <span class='ocrx_word' id='word_1_242' title='bbox 1027 3542 1090 3608; x_wconf 81' lang='lat' dir='ltr'><strong>vel·</strong></span> <span class='ocrx_word' id='word_1_243' title='bbox 1108 3543 1299 3634; x_wconf 88' lang='lat' dir='ltr'><strong>principum</strong></span> <span class='ocrx_word' id='word_1_244' title='bbox 1328 3542 1462 3632; x_wconf 88' lang='lat' dir='ltr'><strong>imperii</strong></span> <span class='ocrx_word' id='word_1_245' title='bbox 1485 3542 1670 3631; x_wconf 82' lang='lat' dir='ltr'><strong>praesentia</strong></span> <span class='ocrx_word' id='word_1_246' title='bbox 1694 3556 1900 3605; x_wconf 87' lang='lat' dir='ltr'><strong>momentum</strong></span> <span class='ocrx_word' id='word_1_247' title='bbox 1932 3535 2072 3603; x_wconf 81' lang='lat' dir='ltr'><strong>saciatio</strong></span> 
     </span>
     <span class='ocr_line' id='line_1_28' title="bbox 405 3625 2070 3724; baseline -0.001 -34"><span class='ocrx_word' id='word_1_248' title='bbox 405 3627 547 3716; x_wconf 82' lang='lat' dir='ltr'><strong>negotiis</strong></span> <span class='ocrx_word' id='word_1_249' title='bbox 572 3627 722 3716; x_wconf 90' lang='lat' dir='ltr'><strong>imperii,</strong></span> <span class='ocrx_word' id='word_1_250' title='bbox 747 3629 825 3697; x_wconf 87' lang='lat' dir='ltr'><strong>baec</strong></span> <span class='ocrx_word' id='word_1_251' title='bbox 850 3630 904 3698; x_wconf 86' lang='lat' dir='ltr'><strong>illa</strong></span> <span class='ocrx_word' id='word_1_252' title='bbox 931 3631 1174 3716; x_wconf 49' lang='lat' dir='ltr'><strong>materies&#39;est,</strong></span> <span class='ocrx_word' id='word_1_253' title='bbox 1190 3633 1227 3698; x_wconf 92' lang='lat' dir='ltr'><strong>in</strong></span> <span class='ocrx_word' id='word_1_254' title='bbox 1251 3654 1317 3724; x_wconf 81' lang='lat' dir='ltr'><strong>qua</strong></span> <span class='ocrx_word' id='word_1_255' title='bbox 1342 3631 1459 3698; x_wconf 83' lang='lat' dir='ltr'><strong>tenuis.</strong></span> <span class='ocrx_word' id='word_1_256' title='bbox 1477 3631 1606 3722; x_wconf 81' lang='lat' dir='ltr'><strong>ingenii</strong></span> <span class='ocrx_word' id='word_1_257' title='bbox 1630 3629 1897 3721; x_wconf 81' lang='lat' dir='ltr'><strong>experimentum</strong></span> <span class='ocrx_word' id='word_1_258' title='bbox 1923 3625 2070 3694; x_wconf 84' lang='lat' dir='ltr'><strong>facereli·</strong></span> 
     </span>
     <span class='ocr_line' id='line_1_29' title="bbox 390 3714 2072 3812; baseline 0.001 -31"><span class='ocrx_word' id='word_1_259' title='bbox 390 3717 494 3782; x_wconf 87' lang='lat' dir='ltr'><strong>buit.</strong></span> <span class='ocrx_word' id='word_1_260' title='bbox 520 3714 609 3784; x_wconf 85' lang='lat' dir='ltr'><strong>Gum</strong></span> <span class='ocrx_word' id='word_1_261' title='bbox 633 3719 720 3784; x_wconf 88' lang='lat' dir='ltr'><strong>enim</strong></span> <span class='ocrx_word' id='word_1_262' title='bbox 746 3721 847 3787; x_wconf 88' lang='lat' dir='ltr'><strong>musis</strong></span> <span class='ocrx_word' id='word_1_263' title='bbox 869 3720 1032 3789; x_wconf 86' lang='lat' dir='ltr'><strong>viadrinis</strong></span> <span class='ocrx_word' id='word_1_264' title='bbox 1055 3722 1140 3790; x_wconf 89' lang='lat' dir='ltr'><strong>mihi</strong></span> <span class='ocrx_word' id='word_1_265' title='bbox 1164 3721 1436 3803; x_wconf 82' lang='lat' dir='ltr'><strong>valediceudum,</strong></span> <span class='ocrx_word' id='word_1_266' title='bbox 1452 3739 1484 3796; x_wconf 83' lang='lat' dir='ltr'><strong>et</strong></span> <span class='ocrx_word' id='word_1_267' title='bbox 1502 3715 1656 3812; x_wconf 81' lang='lat' dir='ltr'><strong>temporis</strong></span> <span class='ocrx_word' id='word_1_268' title='bbox 1679 3721 1734 3786; x_wconf 90' lang='lat' dir='ltr'><strong>bic</strong></span> <span class='ocrx_word' id='word_1_269' title='bbox 1757 3719 1826 3784; x_wconf 90' lang='lat' dir='ltr'><strong>loci·</strong></span> <span class='ocrx_word' id='word_1_270' title='bbox 1845 3719 1992 3808; x_wconf 87' lang='lat' dir='ltr'><strong>impensi-</strong></span> <span class='ocrx_word' id='word_1_271' title='bbox 2010 3739 2072 3805; x_wconf 75' lang='lat' dir='ltr'><strong>spe</strong></span> 
     </span>
     <span class='ocr_line' id='line_1_30' title="bbox 404 3807 2071 3905; baseline -0.002 -31"><span class='ocrx_word' id='word_1_272' title='bbox 404 3809 513 3874; x_wconf 90' lang='lat' dir='ltr'><strong>cimeu</strong></span> <span class='ocrx_word' id='word_1_273' title='bbox 536 3807 727 3896; x_wconf 88' lang='lat' dir='ltr'><strong>edendum,</strong></span> <span class='ocrx_word' id='word_1_274' title='bbox 750 3811 919 3878; x_wconf 88' lang='lat' dir='ltr'><strong>commoda</strong></span> <span class='ocrx_word' id='word_1_275' title='bbox 943 3812 1027 3879; x_wconf 88' lang='lat' dir='ltr'><strong>mibi</strong></span> <span class='ocrx_word' id='word_1_276' title='bbox 1051 3812 1118 3879; x_wconf 85' lang='lat' dir='ltr'><strong>visa</strong></span> <span class='ocrx_word' id='word_1_277' title='bbox 1142 3812 1220 3879; x_wconf 92' lang='lat' dir='ltr'><strong>baec</strong></span> <span class='ocrx_word' id='word_1_278' title='bbox 1244 3813 1414 3893; x_wconf 91' lang='lat' dir='ltr'><strong>materies,</strong></span> <span class='ocrx_word' id='word_1_279' title='bbox 1437 3815 1535 3905; x_wconf 89' lang='lat' dir='ltr'><strong>cujus</strong></span> <span class='ocrx_word' id='word_1_280' title='bbox 1563 3811 1730 3878; x_wconf 88' lang='lat' dir='ltr'><strong>occasione</strong></span> <span class='ocrx_word' id='word_1_281' title='bbox 1759 3811 1886 3899; x_wconf 89' lang='lat' dir='ltr'><strong>potiora</strong></span> <span class='ocrx_word' id='word_1_282' title='bbox 1915 3810 1998 3900; x_wconf 82' lang='lat' dir='ltr'><strong>juris</strong></span> <span class='ocrx_word' id='word_1_283' title='bbox 2022 3819 2071 3894; x_wconf 87' lang='lat' dir='ltr'><strong>pu-</strong></span> 
     </span>
     <span class='ocr_line' id='line_1_31' title="bbox 405 3895 2071 3994; baseline -0.004 -28"><span class='ocrx_word' id='word_1_284' title='bbox 405 3898 487 3966; x_wconf 84' lang='lat' dir='ltr'><strong>blici</strong></span> <span class='ocrx_word' id='word_1_285' title='bbox 510 3896 654 3964; x_wconf 86' lang='lat' dir='ltr'><strong>themata</strong></span> <span class='ocrx_word' id='word_1_286' title='bbox 678 3897 877 3988; x_wconf 88' lang='lat' dir='ltr'><strong>lustrarem,</strong></span> <span class='ocrx_word' id='word_1_287' title='bbox 904 3912 937 3968; x_wconf 82' lang='lat' dir='ltr'><strong>et</strong></span> <span class='ocrx_word' id='word_1_288' title='bbox 961 3925 1002 3969; x_wconf 84' lang='lat' dir='ltr'><strong>ex</strong></span> <span class='ocrx_word' id='word_1_289' title='bbox 1026 3902 1115 3984; x_wconf 88' lang='lat' dir='ltr'><strong>illis,</strong></span> <span class='ocrx_word' id='word_1_290' title='bbox 1138 3925 1223 3994; x_wconf 86' lang='lat' dir='ltr'><strong>quae</strong></span> <span class='ocrx_word' id='word_1_291' title='bbox 1244 3904 1309 3969; x_wconf 91' lang='lat' dir='ltr'><strong>huc</strong></span> <span class='ocrx_word' id='word_1_292' title='bbox 1333 3903 1564 3992; x_wconf 86' lang='lat' dir='ltr'><strong>pertinebant,</strong></span> <span class='ocrx_word' id='word_1_293' title='bbox 1587 3923 1808 3990; x_wconf 81' lang='lat' dir='ltr'><strong>excerperem.</strong></span> <span class='ocrx_word' id='word_1_294' title='bbox 1833 3898 1976 3980; x_wconf 82' lang='lat' dir='ltr'><strong>Fateor,</strong></span> <span class='ocrx_word' id='word_1_295' title='bbox 1991 3897 2014 3961; x_wconf 90' lang='lat' dir='ltr'><strong>si</strong></span> <span class='ocrx_word' id='word_1_296' title='bbox 2030 3895 2071 3960; x_wconf 93' lang='lat' dir='ltr'><strong>ul-</strong></span> 
     </span>
     <span class='ocr_line' id='line_1_32' title="bbox 404 3987 2071 4085; baseline -0.004 -30"><span class='ocrx_word' id='word_1_297' title='bbox 404 3989 485 4069; x_wconf 80' lang='lat' dir='ltr'><strong>libi,</strong></span> <span class='ocrx_word' id='word_1_298' title='bbox 502 4000 589 4054; x_wconf 86' lang='lat' dir='ltr'><strong>certe</strong></span> <span class='ocrx_word' id='word_1_299' title='bbox 606 3988 659 4055; x_wconf 89' lang='lat' dir='ltr'><strong>bic</strong></span> <span class='ocrx_word' id='word_1_300' title='bbox 675 3987 745 4058; x_wconf 89' lang='lat' dir='ltr'><strong>labi</strong></span> <span class='ocrx_word' id='word_1_301' title='bbox 761 4003 794 4058; x_wconf 83' lang='lat' dir='ltr'><strong>et</strong></span> <span class='ocrx_word' id='word_1_302' title='bbox 810 3991 921 4076; x_wconf 82' lang='lat' dir='ltr'><strong>facile,</strong></span> <span class='ocrx_word' id='word_1_303' title='bbox 944 4004 978 4058; x_wconf 82' lang='lat' dir='ltr'><strong>et</strong></span> <span class='ocrx_word' id='word_1_304' title='bbox 1002 3993 1239 4085; x_wconf 83' lang='lat' dir='ltr'><strong>periculosum:</strong></span> <span class='ocrx_word' id='word_1_305' title='bbox 1263 3995 1466 4060; x_wconf 85' lang='lat' dir='ltr'><strong>sanctissima</strong></span> <span class='ocrx_word' id='word_1_306' title='bbox 1490 3993 1583 4060; x_wconf 86' lang='lat' dir='ltr'><strong>enim</strong></span> <span class='ocrx_word' id='word_1_307' title='bbox 1631 3991 1796 4080; x_wconf 81' lang='lat' dir='ltr'><strong>rinciputn</strong></span> <span class='ocrx_word' id='word_1_308' title='bbox 1822 3988 1876 4054; x_wconf 81' lang='lat' dir='ltr'><strong>liic</strong></span> <span class='ocrx_word' id='word_1_309' title='bbox 1899 3997 2071 4080; x_wconf 83' lang='lat' dir='ltr'><strong>tanguntur</strong></span> 
     </span>
     <span class='ocr_line' id='line_1_33' title="bbox 406 4017 2068 4176; baseline -0.002 -30"><span class='ocrx_word' id='word_1_310' title='bbox 406 4085 502 4172; x_wconf 89' lang='lat' dir='ltr'><strong>jura,</strong></span> <span class='ocrx_word' id='word_1_311' title='bbox 526 4101 614 4169; x_wconf 83' lang='lat' dir='ltr'><strong>quae</strong></span> <span class='ocrx_word' id='word_1_312' title='bbox 637 4080 712 4146; x_wconf 84' lang='lat' dir='ltr'><strong>sine</strong></span> <span class='ocrx_word' id='word_1_313' title='bbox 735 4083 949 4148; x_wconf 87' lang='lat' dir='ltr'><strong>veneratione</strong></span> <span class='ocrx_word' id='word_1_314' title='bbox 972 4105 1014 4148; x_wconf 90' lang='lat' dir='ltr'><strong>ne</strong></span> <span class='ocrx_word' id='word_1_315' title='bbox 1038 4083 1179 4176; x_wconf 89' lang='lat' dir='ltr'><strong>quidem</strong></span> <span class='ocrx_word' id='word_1_316' title='bbox 1201 4083 1395 4175; x_wconf 84' lang='lat' dir='ltr'><strong>cogitanda,</strong></span> <span class='ocrx_word' id='word_1_317' title='bbox 1419 4080 1586 4175; x_wconf 87' lang='lat' dir='ltr'><strong>quicquid</strong></span> <span class='ocrx_word' id='word_1_318' title='bbox 1608 4017 1663 4148; x_wconf 77' lang='lat' dir='ltr'><strong>bic</strong></span> <span class='ocrx_word' id='word_1_319' title='bbox 1687 4079 1885 4157; x_wconf 89' lang='lat' dir='ltr'><strong>asserueris,</strong></span> <span class='ocrx_word' id='word_1_320' title='bbox 1910 4079 1968 4143; x_wconf 84' lang='lat' dir='ltr'><strong>rix</strong></span> <span class='ocrx_word' id='word_1_321' title='bbox 1990 4089 2068 4142; x_wconf 82' lang='lat' dir='ltr'><strong>cxtn</strong></span> 
     </span>
     <span class='ocr_line' id='line_1_34' title="bbox 403 4167 2071 4264; baseline -0.002 -28"><span class='ocrx_word' id='word_1_322' title='bbox 403 4169 588 4262; x_wconf 84' lang='lat' dir='ltr'><strong>periculum</strong></span> <span class='ocrx_word' id='word_1_323' title='bbox 613 4183 682 4250; x_wconf 87' lang='lat' dir='ltr'><strong>est,</strong></span> <span class='ocrx_word' id='word_1_324' title='bbox 706 4194 783 4240; x_wconf 85' lang='lat' dir='ltr'><strong>cum</strong></span> <span class='ocrx_word' id='word_1_325' title='bbox 807 4171 844 4236; x_wconf 90' lang='lat' dir='ltr'><strong>in</strong></span> <span class='ocrx_word' id='word_1_326' title='bbox 868 4172 1013 4262; x_wconf 85' lang='lat' dir='ltr'><strong>aliquam</strong></span> <span class='ocrx_word' id='word_1_327' title='bbox 1039 4174 1174 4264; x_wconf 88' lang='lat' dir='ltr'><strong>imperii</strong></span> <span class='ocrx_word' id='word_1_328' title='bbox 1199 4185 1323 4264; x_wconf 83' lang='lat' dir='ltr'><strong>partem</strong></span> <span class='ocrx_word' id='word_1_329' title='bbox 1349 4169 1796 4240; x_wconf 81' lang='lat' dir='ltr'><strong>redundetincommodum.</strong></span> <span class='ocrx_word' id='word_1_330' title='bbox 1820 4167 2016 4259; x_wconf 82' lang='lat' dir='ltr'><strong>Temperari</strong></span> <span class='ocrx_word' id='word_1_331' title='bbox 2034 4184 2071 4231; x_wconf 86' lang='lat' dir='ltr'><strong>ta-</strong></span> 
     </span>
     <span class='ocr_line' id='line_1_35' title="bbox 403 4257 2070 4356; baseline -0.004 -28"><span class='ocrx_word' id='word_1_332' title='bbox 403 4285 481 4328; x_wconf 88' lang='lat' dir='ltr'><strong>men</strong></span> <span class='ocrx_word' id='word_1_333' title='bbox 499 4260 545 4323; x_wconf 89' lang='lat' dir='ltr'><strong>ita</strong></span> <span class='ocrx_word' id='word_1_334' title='bbox 560 4261 745 4347; x_wconf 88' lang='lat' dir='ltr'><strong>calamum,</strong></span> <span class='ocrx_word' id='word_1_335' title='bbox 767 4278 809 4327; x_wconf 88' lang='lat' dir='ltr'><strong>ut</strong></span> <span class='ocrx_word' id='word_1_336' title='bbox 832 4262 869 4328; x_wconf 88' lang='lat' dir='ltr'><strong>in</strong></span> <span class='ocrx_word' id='word_1_337' title='bbox 892 4261 1005 4328; x_wconf 90' lang='lat' dir='ltr'><strong>arduis</strong></span> <span class='ocrx_word' id='word_1_338' title='bbox 1027 4263 1199 4331; x_wconf 84' lang='lat' dir='ltr'><strong>interdum</strong></span> <span class='ocrx_word' id='word_1_339' title='bbox 1223 4265 1400 4356; x_wconf 89' lang='lat' dir='ltr'><strong>utriusque</strong></span> <span class='ocrx_word' id='word_1_340' title='bbox 1426 4267 1527 4354; x_wconf 88' lang='lat' dir='ltr'><strong>partis</strong></span> <span class='ocrx_word' id='word_1_341' title='bbox 1550 4261 1765 4328; x_wconf 83' lang='lat' dir='ltr'><strong>fundamenta</strong></span> <span class='ocrx_word' id='word_1_342' title='bbox 1789 4276 1917 4324; x_wconf 88' lang='lat' dir='ltr'><strong>tautum</strong></span> <span class='ocrx_word' id='word_1_343' title='bbox 1936 4257 2070 4323; x_wconf 84' lang='lat' dir='ltr'><strong>retulisse</strong></span> 
     </span>
     <span class='ocr_line' id='line_1_36' title="bbox 392 4345 2068 4443; baseline -0.004 -24"><span class='ocrx_word' id='word_1_344' title='bbox 392 4349 490 4419; x_wconf 80' lang='lat' dir='ltr'><strong>¹milri</strong></span> <span class='ocrx_word' id='word_1_345' title='bbox 518 4347 717 4436; x_wconf 82' lang='lat' dir='ltr'><strong>suffecerit,¹</strong></span> <span class='ocrx_word' id='word_1_346' title='bbox 736 4352 893 4443; x_wconf 87' lang='lat' dir='ltr'><strong>epicrisiu</strong></span> <span class='ocrx_word' id='word_1_347' title='bbox 910 4353 1313 4442; x_wconf 79' lang='lat' dir='ltr'><strong>,prudentiorisarbitrio</strong></span> <span class='ocrx_word' id='word_1_348' title='bbox 1335 4357 1552 4422; x_wconf 88' lang='lat' dir='ltr'><strong>committens.</strong></span> <span class='ocrx_word' id='word_1_349' title='bbox 1577 4351 1715 4418; x_wconf 88' lang='lat' dir='ltr'><strong>Interim</strong></span> <span class='ocrx_word' id='word_1_350' title='bbox 1741 4361 1922 4416; x_wconf 90' lang='lat' dir='ltr'><strong>erratorum</strong></span> <span class='ocrx_word' id='word_1_351' title='bbox 1952 4345 2068 4414; x_wconf 81' lang='lat' dir='ltr'><strong>venian</strong></span> 
     </span>
     <span class='ocr_line' id='line_1_37' title="bbox 405 4438 2068 4598; baseline -0.005 -88"><span class='ocrx_word' id='word_1_352' title='bbox 405 4443 486 4510; x_wconf 82' lang='lat' dir='ltr'><strong>milii</strong></span> <span class='ocrx_word' id='word_1_353' title='bbox 505 4439 667 4598; x_wconf 57' lang='lat' dir='ltr'><strong>polliceor</strong></span> <span class='ocrx_word' id='word_1_354' title='bbox 690 4464 729 4507; x_wconf 91' lang='lat' dir='ltr'><strong>eo</strong></span> <span class='ocrx_word' id='word_1_355' title='bbox 751 4445 951 4524; x_wconf 88' lang='lat' dir='ltr'><strong>certiorem,</strong></span> <span class='ocrx_word' id='word_1_356' title='bbox 975 4465 1051 4509; x_wconf 89' lang='lat' dir='ltr'><strong>cum</strong></span> <span class='ocrx_word' id='word_1_357' title='bbox 1075 4467 1113 4508; x_wconf 89' lang='lat' dir='ltr'><strong>ea</strong></span> <span class='ocrx_word' id='word_1_358' title='bbox 1136 4455 1242 4510; x_wconf 86' lang='lat' dir='ltr'><strong>aetate</strong></span> <span class='ocrx_word' id='word_1_359' title='bbox 1265 4444 1373 4511; x_wconf 88' lang='lat' dir='ltr'><strong>adbuc</strong></span> <span class='ocrx_word' id='word_1_360' title='bbox 1398 4446 1529 4522; x_wconf 79' lang='lat' dir='ltr'><strong>viram,</strong></span> <span class='ocrx_word' id='word_1_361' title='bbox 1553 4464 1619 4532; x_wconf 85' lang='lat' dir='ltr'><strong>qua</strong></span> <span class='ocrx_word' id='word_1_362' title='bbox 1650 4457 1781 4532; x_wconf 89' lang='lat' dir='ltr'><strong>praetor</strong></span> <span class='ocrx_word' id='word_1_363' title='bbox 1809 4438 1908 4530; x_wconf 88' lang='lat' dir='ltr'><strong>lapsis</strong></span> <span class='ocrx_word' id='word_1_364' title='bbox 1933 4460 1999 4504; x_wconf 90' lang='lat' dir='ltr'><strong>non</strong></span> <span class='ocrx_word' id='word_1_365' title='bbox 2021 4459 2068 4502; x_wconf 85' lang='lat' dir='ltr'><strong>ne·</strong></span> 
     </span>
    </p>
   </div>
   <div class='ocr_carea' id='block_1_9' title="bbox 405 4531 1781 4627">
    <p class='ocr_par' dir='ltr' id='par_1_9' title="bbox 405 4531 1781 4627">
     <span class='ocr_line' id='line_1_38' title="bbox 405 4531 1781 4627; baseline -0.002 -28"><span class='ocrx_word' id='word_1_366' title='bbox 405 4545 503 4627; x_wconf 79' lang='lat' dir='ltr'><strong>gato</strong></span> <span class='ocrx_word' id='word_1_367' title='bbox 538 4531 699 4606; x_wconf 74' lang='lat' dir='ltr'><strong>cium.‚,d</strong></span> <span class='ocrx_word' id='word_1_368' title='bbox 723 4533 797 4606; x_wconf 88' lang='lat' dir='ltr'><strong>Deo</strong></span> <span class='ocrx_word' id='word_1_369' title='bbox 818 4557 847 4601; x_wconf 92' lang='lat'><strong>0.</strong></span> <span class='ocrx_word' id='word_1_370' title='bbox 872 4559 927 4600; x_wconf 67' lang='lat' dir='ltr'><strong>ru..</strong></span> <span class='ocrx_word' id='word_1_371' title='bbox 941 4549 1053 4603; x_wconf 85' lang='lat' dir='ltr'><strong>autem</strong></span> <span class='ocrx_word' id='word_1_372' title='bbox 1075 4531 1207 4600; x_wconf 81' lang='lat' dir='ltr'><strong>felicem</strong></span> <span class='ocrx_word' id='word_1_373' title='bbox 1230 4535 1352 4602; x_wconf 86' lang='lat' dir='ltr'><strong>laboris</strong></span> <span class='ocrx_word' id='word_1_374' title='bbox 1376 4533 1554 4627; x_wconf 87' lang='lat' dir='ltr'><strong>praestolor</strong></span> <span class='ocrx_word' id='word_1_375' title='bbox 1569 4553 1781 4598; x_wconf 80' lang='lat' dir='ltr'><strong>successum...</strong></span> 
     </span>
    </p>
   </div>
   <div class='ocr_carea' id='block_1_10' title="bbox 902 4711 1597 4982">
    <p class='ocr_par' dir='ltr' id='par_1_10' title="bbox 902 4711 1597 4982">
     <span class='ocr_line' id='line_1_39' title="bbox 1089 4711 1512 4842; baseline 0.009 -61"><span class='ocrx_word' id='word_1_376' title='bbox 1089 4711 1118 4781; x_wconf 88' lang='lat' dir='ltr'>C</span> <span class='ocrx_word' id='word_1_377' title='bbox 1143 4714 1175 4781; x_wconf 76' lang='lat' dir='ltr'><strong>A</strong></span> <span class='ocrx_word' id='word_1_378' title='bbox 1197 4713 1226 4782; x_wconf 90' lang='lat' dir='ltr'>P</span> <span class='ocrx_word' id='word_1_379' title='bbox 1250 4717 1286 4785; x_wconf 90' lang='lat' dir='ltr'><strong>U·</strong></span> <span class='ocrx_word' id='word_1_380' title='bbox 1306 4717 1345 4784; x_wconf 55' lang='lat'><strong>&#39;1¹¹</strong></span> <span class='ocrx_word' id='word_1_381' title='bbox 1383 4717 1414 4784; x_wconf 78' lang='lat'><strong>1.</strong></span> <span class='ocrx_word' id='word_1_382' title='bbox 1497 4819 1512 4842; x_wconf 29' lang='grc' dir='ltr'>κ</span> 
     </span>
     <span class='ocr_line' id='line_1_40' title="bbox 902 4883 1597 4982; baseline 0.012 -34"><span class='ocrx_word' id='word_1_383' title='bbox 902 4883 962 4951; x_wconf 61' lang='lat' dir='ltr'><strong>,De</strong></span> <span class='ocrx_word' id='word_1_384' title='bbox 981 4889 1184 4975; x_wconf 82' lang='lat' dir='ltr'><strong>praesentia</strong></span> <span class='ocrx_word' id='word_1_385' title='bbox 1206 4889 1376 4981; x_wconf 79' lang='lat' dir='ltr'><strong>principis</strong></span> <span class='ocrx_word' id='word_1_386' title='bbox 1398 4893 1436 4956; x_wconf 84' lang='lat' dir='ltr'><strong>in</strong></span> <span class='ocrx_word' id='word_1_387' title='bbox 1456 4912 1597 4982; x_wconf 68' lang='lat' dir='ltr'><strong>generes·</strong></span> 
     </span>
    </p>
   </div>
   <div class='ocr_carea' id='block_1_11' title="bbox 643 5066 2151 5229">
    <p class='ocr_par' dir='ltr' id='par_1_11' title="bbox 643 5066 2151 5229">
     <span class='ocr_line' id='line_1_41' title="bbox 643 5066 2071 5144; baseline -0.007 -12"><span class='ocrx_word' id='word_1_388' title='bbox 643 5066 664 5118; x_wconf 76' lang='lat' dir='ltr'><em>S</em></span> <span class='ocrx_word' id='word_1_389' title='bbox 685 5069 713 5124; x_wconf 72' lang='lat' dir='ltr'><em>U</em></span> <span class='ocrx_word' id='word_1_390' title='bbox 727 5067 763 5122; x_wconf 71' lang='grc' dir='ltr'><em>Μ</em></span> <span class='ocrx_word' id='word_1_391' title='bbox 776 5067 812 5122; x_wconf 75' lang='grc' dir='ltr'><em>Μ</em></span> <span class='ocrx_word' id='word_1_392' title='bbox 826 5067 855 5123; x_wconf 77' lang='lat' dir='ltr'><em>A</em></span> <span class='ocrx_word' id='word_1_393' title='bbox 873 5067 899 5120; x_wconf 75' lang='grc' dir='ltr'><em>Η</em></span> <span class='ocrx_word' id='word_1_394' title='bbox 918 5067 938 5120; x_wconf 85' lang='lat'><em>1</em></span> <span class='ocrx_word' id='word_1_395' title='bbox 943 5067 983 5124; x_wconf 61' lang='grc' dir='ltr'><strong>«Ἀ</strong></span> <span class='ocrx_word' id='word_1_396' title='bbox 1273 5069 2071 5144; x_wconf 63' lang='lat' dir='ltr'><strong>Principesdqfirrmescoemantronapectumlromr&#39;rrnmsat·</strong></span> 
     </span>
     <span class='ocr_line' id='line_1_42' title="bbox 1274 5159 2151 5229; baseline -0.009 -16"><span class='ocrx_word' id='word_1_397' title='bbox 1274 5159 1421 5229; x_wconf 71' lang='lat' dir='ltr'><strong>Baeempla.</strong></span> <span class='ocrx_word' id='word_1_398' title='bbox 1435 5175 1463 5210; x_wconf 88' lang='lat' dir='ltr'><strong>n.</strong></span> <span class='ocrx_word' id='word_1_399' title='bbox 1479 5169 1520 5218; x_wconf 78' lang='lat' dir='ltr'><strong>to,</strong></span> <span class='ocrx_word' id='word_1_400' title='bbox 1533 5167 1560 5214; x_wconf 76' lang='lat' dir='ltr'><strong>et</strong></span> <span class='ocrx_word' id='word_1_401' title='bbox 1575 5169 1617 5209; x_wconf 88' lang='lat' dir='ltr'><strong>tt.</strong></span> <span class='ocrx_word' id='word_1_402' title='bbox 2150 5167 2151 5174; x_wconf 57' lang='lat'>¹</span> 
     </span>
    </p>
   </div>
   <div class='ocr_carea' id='block_1_12' title="bbox 403 5240 2151 5314">
    <p class='ocr_par' dir='ltr' id='par_1_12' title="bbox 403 5240 2151 5314">
     <span class='ocr_line' id='line_1_43' title="bbox 403 5240 2151 5314; baseline 0.001 -24"><span class='ocrx_word' id='word_1_403' title='bbox 403 5243 556 5307; x_wconf 76' lang='lat' dir='ltr'><strong>Ingressus·</strong></span> <span class='ocrx_word' id='word_1_404' title='bbox 567 5253 595 5287; x_wconf 85' lang='lat' dir='ltr'><strong>n.</strong></span> <span class='ocrx_word' id='word_1_405' title='bbox 612 5242 636 5288; x_wconf 85' lang='lat' dir='ltr'><strong>t.</strong></span> <span class='ocrx_word' id='word_1_406' title='bbox 1275 5241 1487 5314; x_wconf 82' lang='lat' dir='ltr'><strong>Affirmantium</strong></span> <span class='ocrx_word' id='word_1_407' title='bbox 1500 5241 1634 5295; x_wconf 78' lang='lat' dir='ltr'><strong>sententia</strong></span> <span class='ocrx_word' id='word_1_408' title='bbox 1646 5240 1737 5293; x_wconf 73' lang='lat' dir='ltr'><strong>verior</strong></span> <span class='ocrx_word' id='word_1_409' title='bbox 1749 5248 1902 5310; x_wconf 74' lang='lat' dir='ltr'><strong>reputatur.</strong></span> <span class='ocrx_word' id='word_1_410' title='bbox 1918 5257 1945 5292; x_wconf 87' lang='lat' dir='ltr'><strong>n.</strong></span> <span class='ocrx_word' id='word_1_411' title='bbox 1961 5248 1998 5292; x_wconf 82' lang='lat' dir='ltr'><strong>tt.</strong></span> <span class='ocrx_word' id='word_1_412' title='bbox 2012 5249 2068 5301; x_wconf 68' lang='lat' dir='ltr'><strong>tete</strong></span> <span class='ocrx_word' id='word_1_413' title='bbox 2150 5243 2151 5312; x_wconf 58' lang='lat' dir='ltr'>j</span> 
     </span>
    </p>
   </div>
   <div class='ocr_carea' id='block_1_13' title="bbox 403 5318 2072 5738">
    <p class='ocr_par' dir='ltr' id='par_1_13' title="bbox 403 5318 1771 5396">
     <span class='ocr_line' id='line_1_44' title="bbox 403 5318 1771 5396; baseline 0 -20"><span class='ocrx_word' id='word_1_414' title='bbox 403 5323 450 5376; x_wconf 80' lang='lat' dir='ltr'><strong>De</strong></span> <span class='ocrx_word' id='word_1_415' title='bbox 461 5319 598 5373; x_wconf 77' lang='lat' dir='ltr'><strong>vocabulo</strong></span> <span class='ocrx_word' id='word_1_416' title='bbox 604 5318 680 5393; x_wconf 79' lang='lat' dir='ltr'><strong>juris</strong></span> <span class='ocrx_word' id='word_1_417' title='bbox 692 5331 718 5374; x_wconf 87' lang='lat' dir='ltr'><strong>et</strong></span> <span class='ocrx_word' id='word_1_418' title='bbox 728 5320 897 5392; x_wconf 78' lang='lat' dir='ltr'><strong>praesentiae</strong></span> <span class='ocrx_word' id='word_1_419' title='bbox 910 5320 1052 5384; x_wconf 71' lang='lat' dir='ltr'><strong>remissive.</strong></span> <span class='ocrx_word' id='word_1_420' title='bbox 1066 5341 1093 5376; x_wconf 89' lang='lat' dir='ltr'><strong>n.</strong></span> <span class='ocrx_word' id='word_1_421' title='bbox 1108 5333 1131 5374; x_wconf 74' lang='grc' dir='ltr'>ι.</span> <span class='ocrx_word' id='word_1_422' title='bbox 1145 5331 1169 5376; x_wconf 74' lang='lat' dir='ltr'><strong>t.</strong></span> <span class='ocrx_word' id='word_1_423' title='bbox 1274 5328 1414 5396; x_wconf 67' lang='lat' dir='ltr'><strong>Exeruplt&#39;s</strong></span> <span class='ocrx_word' id='word_1_424' title='bbox 1425 5326 1590 5380; x_wconf 78' lang='lat' dir='ltr'><strong>illustratur.</strong></span> <span class='ocrx_word' id='word_1_425' title='bbox 1603 5341 1629 5376; x_wconf 90' lang='lat' dir='ltr'><strong>n.</strong></span> <span class='ocrx_word' id='word_1_426' title='bbox 1645 5335 1687 5378; x_wconf 85' lang='lat' dir='ltr'><strong>ts.</strong></span> <span class='ocrx_word' id='word_1_427' title='bbox 1699 5341 1771 5396; x_wconf 78' lang='lat' dir='ltr'><strong>seqq.</strong></span> 
     </span>
    </p>

    <p class='ocr_par' dir='ltr' id='par_1_14' title="bbox 408 5403 1905 5482">
     <span class='ocr_line' id='line_1_45' title="bbox 408 5403 1905 5482; baseline 0 -22"><span class='ocrx_word' id='word_1_428' title='bbox 408 5403 560 5460; x_wconf 64' lang='lat' dir='ltr'><strong>frausino.</strong></span> <span class='ocrx_word' id='word_1_429' title='bbox 573 5420 601 5456; x_wconf 86' lang='grc' dir='ltr'><strong>ιι.</strong></span> <span class='ocrx_word' id='word_1_430' title='bbox 617 5412 640 5456; x_wconf 79' lang='lat' dir='ltr'><strong>t.</strong></span> <span class='ocrx_word' id='word_1_431' title='bbox 1275 5409 1401 5467; x_wconf 72' lang='lat' dir='ltr'><strong>Mnistri</strong></span> <span class='ocrx_word' id='word_1_432' title='bbox 1409 5409 1563 5482; x_wconf 80' lang='lat' dir='ltr'><strong>principum</strong></span> <span class='ocrx_word' id='word_1_433' title='bbox 1576 5417 1719 5464; x_wconf 79' lang='lat' dir='ltr'><strong>notantur.</strong></span> <span class='ocrx_word' id='word_1_434' title='bbox 1732 5425 1758 5464; x_wconf 88' lang='lat' dir='ltr'><strong>n.</strong></span> <span class='ocrx_word' id='word_1_435' title='bbox 1775 5418 1815 5464; x_wconf 82' lang='lat' dir='ltr'><strong>tt.</strong></span> <span class='ocrx_word' id='word_1_436' title='bbox 1828 5425 1905 5482; x_wconf 71' lang='lat' dir='ltr'><strong>seqq.</strong></span> 
     </span>
    </p>

    <p class='ocr_par' dir='ltr' id='par_1_15' title="bbox 405 5485 1786 5569">
     <span class='ocr_line' id='line_1_46' title="bbox 405 5485 1786 5569; baseline 0.006 -27"><span class='ocrx_word' id='word_1_437' title='bbox 405 5492 454 5544; x_wconf 80' lang='lat' dir='ltr'><strong>An</strong></span> <span class='ocrx_word' id='word_1_438' title='bbox 467 5485 598 5559; x_wconf 71' lang='lat' dir='ltr'><strong>expediat</strong></span> <span class='ocrx_word' id='word_1_439' title='bbox 610 5488 759 5558; x_wconf 78' lang='lat' dir='ltr'><strong>principem</strong></span> <span class='ocrx_word' id='word_1_440' title='bbox 773 5487 865 5548; x_wconf 78' lang='lat' dir='ltr'><strong>adesse</strong></span> <span class='ocrx_word' id='word_1_441' title='bbox 877 5489 1050 5546; x_wconf 67' lang='lat' dir='ltr'><strong>caterinen.</strong></span> <span class='ocrx_word' id='word_1_442' title='bbox 1064 5501 1088 5544; x_wconf 76' lang='lat'><strong>⁵.</strong></span> <span class='ocrx_word' id='word_1_443' title='bbox 1274 5495 1439 5566; x_wconf 70' lang='lat' dir='ltr'><strong>Exemplum</strong></span> <span class='ocrx_word' id='word_1_444' title='bbox 1451 5494 1603 5551; x_wconf 76' lang='lat' dir='ltr'><strong>adducitur.</strong></span> <span class='ocrx_word' id='word_1_445' title='bbox 1618 5511 1645 5546; x_wconf 82' lang='lat' dir='ltr'><strong>n.</strong></span> <span class='ocrx_word' id='word_1_446' title='bbox 1658 5505 1700 5548; x_wconf 78' lang='lat' dir='ltr'><strong>at.</strong></span> <span class='ocrx_word' id='word_1_447' title='bbox 1711 5510 1786 5569; x_wconf 76' lang='lat' dir='ltr'><strong>seqq.</strong></span> 
     </span>
    </p>

    <p class='ocr_par' dir='ltr' id='par_1_16' title="bbox 406 5572 2072 5738">
     <span class='ocr_line' id='line_1_47' title="bbox 406 5572 2072 5652; baseline -0.002 -20"><span class='ocrx_word' id='word_1_448' title='bbox 406 5573 575 5645; x_wconf 76' lang='lat' dir='ltr'><strong>Negautt‘um</strong></span> <span class='ocrx_word' id='word_1_449' title='bbox 589 5572 720 5628; x_wconf 79' lang='lat' dir='ltr'><strong>rationes.</strong></span> <span class='ocrx_word' id='word_1_450' title='bbox 734 5593 763 5628; x_wconf 88' lang='lat' dir='ltr'><strong>n.</strong></span> <span class='ocrx_word' id='word_1_451' title='bbox 777 5587 801 5629; x_wconf 82' lang='lat' dir='ltr'><strong>t.</strong></span> <span class='ocrx_word' id='word_1_452' title='bbox 1276 5579 1442 5639; x_wconf 78' lang='lat' dir='ltr'><strong>Praesentia</strong></span> <span class='ocrx_word' id='word_1_453' title='bbox 1451 5578 1580 5651; x_wconf 75' lang='lat' dir='ltr'><strong>principis</strong></span> <span class='ocrx_word' id='word_1_454' title='bbox 1591 5579 1699 5650; x_wconf 67' lang='lat' dir='ltr'><strong>confir!</strong></span> <span class='ocrx_word' id='word_1_455' title='bbox 1710 5581 1965 5652; x_wconf 62' lang='lat' dir='ltr'><strong>antecameram</strong></span> <span class='ocrx_word' id='word_1_456' title='bbox 1976 5573 2072 5634; x_wconf 66' lang='lat' dir='ltr'><strong>aalma·</strong></span> 
     </span>
     <span class='ocr_line' id='line_1_48' title="bbox 406 5661 1669 5738; baseline 0.002 -22"><span class='ocrx_word' id='word_1_457' title='bbox 406 5661 559 5732; x_wconf 74' lang='lat' dir='ltr'><strong>Exemplo.</strong></span> <span class='ocrx_word' id='word_1_458' title='bbox 573 5680 600 5713; x_wconf 93' lang='lat' dir='ltr'><strong>n.</strong></span> <span class='ocrx_word' id='word_1_459' title='bbox 615 5671 636 5711; x_wconf 87' lang='lat' dir='ltr'><strong>t.</strong></span> <span class='ocrx_word' id='word_1_460' title='bbox 648 5669 675 5712; x_wconf 84' lang='lat' dir='ltr'><strong>et</strong></span> <span class='ocrx_word' id='word_1_461' title='bbox 688 5669 712 5711; x_wconf 81' lang='lat' dir='ltr'><strong>t.</strong></span> <span class='ocrx_word' id='word_1_462' title='bbox 1312 5682 1374 5718; x_wconf 83' lang='lat' dir='ltr'><strong>rum</strong></span> <span class='ocrx_word' id='word_1_463' title='bbox 1389 5680 1485 5718; x_wconf 83' lang='lat' dir='ltr'><strong>moret·</strong></span> <span class='ocrx_word' id='word_1_464' title='bbox 1500 5683 1529 5718; x_wconf 88' lang='grc' dir='ltr'><strong>ιι.</strong></span> <span class='ocrx_word' id='word_1_465' title='bbox 1544 5676 1585 5719; x_wconf 79' lang='lat' dir='ltr'><strong>to.</strong></span> <span class='ocrx_word' id='word_1_466' title='bbox 1597 5679 1669 5738; x_wconf 73' lang='lat' dir='ltr'><strong>seqq.</strong></span> 
     </span>
    </p>
   </div>
   <div class='ocr_carea' id='block_1_14' title="bbox 0 0 2214 6264">
    <p class='ocr_par' dir='ltr' id='par_1_17' title="bbox 0 0 2214 6264">
     <span class='ocr_line' id='line_1_49' title="bbox 0 0 2214 6264; baseline 0 0"><span class='ocrx_word' id='word_1_467' title='bbox 0 0 2214 6264; x_wconf 95' lang='lat' dir='ltr'><strong> </strong></span> 
     </span>
    </p>
   </div>
  </div>
 </body>
</html>
