4442 6308
370 249 422 320 487

255 369 287 413 4⁶
362 347 420 418 Qua
437 343 536 402 ratione
555 343 583 399 id
602 367 704 423 quoque
724 349 892 416 addendum,
910 347 974 401 licet
994 345 1063 400 iorte
1080 361 1138 400 aas·

317 431 377 484 salli
396 427 577 500 delinquentis
596 434 705 490 numiam
724 434 831 489 lendum
850 433 1032 506 pergratiam
1057 431 1138 485 resti-

315 525 417 581 tutum,
436 531 533 570 notum
551 514 610 570 dici
630 520 736 590 possit,
762 537 815 574 nou
835 529 925 572 tamen
943 516 1041 569 hocin
1061 532 1138 586 prae·

317 601 446 672 judicium
465 599 570 654 domini
589 603 802 671 extendendum,
822 621 874 676 qno
892 603 983 656 minue
1001 599 1049 656 illc
1066 615 1139 654 com·

251 699 282 744 tr
319 685 407 740 modis
426 685 552 755 pristinis
569 687 611 741 uti
629 690 722 760 possit.
748 691 918 762 Quapropter
942 683 1066 740 remissio
1081 685 1139 738 estl-

318 788 368 842 pae
385 769 500 824 minime
518 771 586 826 illud
604 785 744 846 operetur,
763 785 793 828 nt
812 774 919 826 lendum
939 772 1092 826 sineonere
1105 768 1139 824 ad

314 855 456 909 vassallum
474 855 579 924 redcat,
597 874 657 910 cnm
676 875 729 911 non
750 857 786 908 sit
805 853 976 916 verisimile,
999 851 1139 907 dominum

316 939 432 994 soluisse
450 939 552 1010 duplici
571 939 705 996 beneflcio
729 940 872 994 vassallum
892 936 1022 993 allicere·
1049 953 1086 990 sc.
1110 943 1141 990 nt

246 1038 276 1080 ts
316 1026 443 1080 emissum
463 1023 572 1080 lendum
585 1025 714 1095 recipiat,
732 1033 760 1077 et
777 1041 811 1079 ue
829 1041 897 1079 onus
918 1024 951 1077 ad
969 1025 1058 1096 ipsum
1076 1038 1138 1093 per-

314 1110 407 1164 tineat.
429 1111 541 1181 Zanger.
555 1112 587 1164 de
599 1107 780 1175 exceptionib.
790 1127 818 1180 p.
833 1121 858 1163 s.
870 1127 895 1162 c.
908 1119 950 1163 tt.
963 1127 989 1162 n.
1007 1118 1069 1162 stt.
1084 1107 1138 1159 llo·

314 1194 403 1248 minus
422 1195 496 1247 euim
514 1188 675 1246 remittendo
694 1189 850 1258 felloniam,
863 1189 968 1246 ridetur
988 1207 1017 1246 as
1035 1187 1068 1242 sd
1087 1205 1137 1244 ntt·

316 1289 400 1334 turam
421 1278 495 1330 illins
513 1276 554 1328 rei
571 1273 754 1342 confirmare,
771 1293 837 1348 qnae
856 1285 913 1343 est,
937 1283 967 1329 ut
979 1293 1045 1329 onus
1056 1286 1141 1330 trans·

313 1373 357 1418 eat
374 1379 435 1414 cnm
454 1377 483 1413 re
502 1360 573 1428 ipsa,
590 1369 620 1413 et
637 1360 781 1414 secundum
802 1360 871 1414 banc
896 1370 1020 1414 naturam
1042 1359 1141 1414 retnis·

313 1448 356 1500 sio
367 1455 407 1500 est
418 1442 609 1514 intelligenda,
623 1445 641 1496 l.
653 1444 680 1500 ri
690 1445 841 1517 stipulatus.
857 1455 881 1499 t.
892 1462 936 1516 pr.
949 1461 1017 1500 nera.
1029 1461 1139 1498 verum.

938 243 1130 303 DISPU'l'b'l'·
1147 250 1195 304 Xl.
1213 247 1331 306 CAPUT
1350 249 1396 304 tv.

1901 249 1954 316 488

1186 363 1240 418 qne
1253 343 1355 400 'studiis
1376 345 1444 400 meis
1468 345 1626 402 academicis
1645 347 1762 417 impono.
1784 345 1861 398 Platea
1879 343 1912 399 de
1929 345 2007 401 uobi-

1188 432 1292 488 lissims
1311 433 1362 488 hec
1381 435 1493 490 materia
1506 435 1657 498 disserere,
1677 453 1726 488 nec
1746 435 1873 506 temporis
1891 437 2008 506 angustia

1187 534 1238 587 qna
1254 517 1388 581 inclusus,
1408 535 1456 572 nec
1474 517 1596 573 instituti
1612 518 1680 572 ratio
1693 518 1813 572 admisit.
1827 517 1906 591 Quod
1924 521 1950 571 si
1967 537 2009 573 rc·

1189 615 1218 656 ro
1236 600 1284 656 hie
1300 619 1352 656 non
1370 603 1482 670 omnia,
1507 619 1575 674 qnae
1600 600 1669 658 lorte
1694 602 1783 657 afferri
1810 610 1952 674 poterent,
1978 603 2007 654 in

1188 685 1309 739 medium
1328 685 1454 755 adducta,
1471 687 1624 758 'relvparnm
1643 686 1773 741 concinne
1790 687 1932 758 minusque
1950 695 2010 759 apte

1188 788 1217 822 ea
1238 770 1369 841 disposite
1389 771 1504 837 luerint;
1524 781 1600 824 tuum
1618 772 1672 826 erit
1685 775 1701 825 l.
1716 771 1742 825 b.
1756 772 1847 824 omnia
1866 772 1895 824 in
1914 773 2008 824 melio·

1190 873 1248 909 rem
1266 867 1372 928 partem
1391 857 1576 932 interpretari,
1596 877 1626 912 ac
1645 868 1779 913 errrorem
1799 859 1828 911 in
1848 857 1917 914 aiam
1931 859 2009 913 redu·
2033 897 2035 902 -

1190 955 1262 1004 cerer
1280 940 1349 993 scias
1367 939 1456 1005 enim,
1477 957 1519 994 me
1539 941 1659 996 modeste
1672 941 1851 1012 corrigentem
1868 960 1899 996 ac
1917 933 2009 997 'melio-

1189 1043 1219 1078 ra
1238 1024 1376 1080 docentem
1390 1025 1595 1097 promptissime
1608 1037 1770 1081 secuturum.
1782 1025 1846 1079 Tibi
1867 1043 1926 1082 aero
1940 1027 2011 1082 Deus

1192 1118 1209 1162 t.
1234 1127 1260 1163 o.
1285 1127 1321 1164 m.
1346 1129 1399 1181 pro
1416 1110 1546 1180 singulari
1566 1112 1653 1180 gratia
1671 1111 1770 1164 studiis
1788 1111 1856 1164 meis
1882 1110 2010 1166 haetenus

1191 1193 1342 1262 largissime
1359 1209 1504 1262 concessa,
1531 1195 1697 1250 immortales
1715 1196 1822 1249 etsolro
1847 1197 1964 1266 gratias,
1982 1204 2010 1248 et

1192 1287 1222 1331 nt
1239 1296 1270 1330 ea
1288 1277 1454 1349 inposterum
1476 1279 1506 1331 in
1523 1279 1565 1332 tni
1588 1278 1708 1332 nominis
1725 1279 1837 1349 gloriam
1857 1289 1886 1334 et
1902 1279 2007 1352 patriae

1191 1365 1400 1419 emolumentum
1419 1363 1538 1435 dirigere
1557 1364 1638 1430 aclis,
1659 1366 1772 1437 supplex
1797 1379 1887 1419 erere.

1431 1535 1509 1589 sott
1535 1533 1608 1589 nto
1626 1533 1770 1589 (ttontn.

313 1529 393 1602 Μ
412 1529 510 1586 usura.
523 1531 606 1600 Ζευς.
619 1530 645 1583 d.
658 1531 677 1583 l.
689 1550 717 1583 n·
733 1541 793 1584 stt.

350 1617 405 1672 Hic
428 1613 583 1672 asahelem
602 1623 631 1669 et
648 1614 825 1686 colophonem
838 1611 1022 1668 dissertationi
1041 1608 1137 1664 simiel·
1220 1643 1225 1648 -

824 1791 1159 1874 msrttnnnto
1185 1784 1508 1864 nnonttcttttn

661 1999 796 2109 un
881 1993 1180 2162 anun
1264 1989 1671 2112 ΜΝ.

975 2229 1065 2270 ΗΘ
1100 2224 1367 2272 trctari]

526 2393 812 2468 FRlDElllGUS
836 2393 1042 2464 JACOBUS
1066 2385 1356 2458 BthTlIOLDl.
1380 2383 1609 2455 FRANCOF.
1633 2383 1807 2456 ttESOtt.

891 2579 1449 2627 W

932 2785 963 2852 1.
1008 2780 1051 2848 n.
1098 2781 1139 2847 n.
1188 2777 1229 2845 n.
1277 2778 1309 2845 s.
1356 2778 1397 2847 u

938 2923 943 2936 '
998 2948 1328 3024 Panaenum.

322 3167 520 3304 Numeros
543 3223 790 3292 arithmeticum
815 3217 920 3314 magis
936 3243 1039 3312 qnam
1057 3213 1236 3308 juridicum
1259 3213 1430 3282 absolvere
1459 3217 1646 3310 objectum,
1671 3215 1758 3284 sacili
1785 3221 1920 3312 negotio
1943 3223 2011 3290 sibi

323 3314 493 3406 quispiam
516 3315 742 3404 persuaderet,
760 3313 825 3378 nisi
850 3335 951 3378 unam
975 3335 1046 3378 rem
1071 3310 1108 3374 in
1131 3305 1269 3373 diversis
1294 3307 1425 3372 tractari
1451 3330 1544 3394 posse
1567 3307 1772 3398 disciplinis,
1789 3329 1938 3402 respectu
1955 3313 2013 3381 tn-

323 3405 397 3472 bito
420 3403 462 3470 ad
486 3404 648 3473 diversam
672 3403 834 3471 tractandi
859 3401 1037 3482 rationem,
1062 3421 1174 3466 secum
1200 3395 1431 3487 perpenderet.
1449 3395 1534 3490 Ejus
1557 3411 1668 3465 autem
1694 3399 1819 3468 indolis
1841 3423 1922 3471 sunt
1946 3429 2012 3472 nu·

325 3495 426 3578 meri,
449 3506 504 3579 ut,
529 3495 606 3563 licet
635 3493 873 3562 mathematicis
900 3493 1119 3559 domesticum
1152 3489 1293 3555 existant
1323 3490 1514 3578 objectum,
1547 3489 1770 3556 nihilominus
1801 3515 1840 3560 ex
1868 3499 1944 3588 jure
1975 3519 2012 3564 ac

324 3585 464 3654 aliunde
487 3587 554 3654 sibi
577 3587 739 3680 quaedam
765 3583 925 3676 applicari
950 3585 1139 3674 patiantur,
1156 3578 1259 3670 idque
1275 3579 1331 3668 (ut
1353 3577 1466 3645 sileam
1489 3581 1633 3670 caetera)
1647 3603 1687 3649 ex
1707 3581 1824 3650 multis
1846 3588 2014 3680 jurispru-

324 3677 459 3745 dentiae
483 3691 613 3744 nostrae
637 3675 784 3744 articulis
806 3673 938 3766 liquido
966 3685 1112 3752 constat,
1137 3683 1170 3736 et
1202 3693 1245 3736 ex
1272 3670 1560 3762 subsequentibus
1588 3669 1750 3739 elucescet
1778 3673 1911 3745 clarius.
1940 3677 2013 3743 llon

328 3769 444 3860 itaque
467 3766 670 3834 reddendam
694 3789 711 3832 a
737 3789 790 3832 me
814 3768 978 3834 rationem
1001 3764 1172 3846 existimo,
1195 3784 1302 3852 quare
1324 3761 1395 3827 loco
1428 3761 1637 3854 inauguralis
1660 3761 1916 3854 disputationis,
1939 3769 2012 3858 jura

329 3859 432 3951 primi
456 3858 681 3950 perquirenda
706 3880 858 3948 praesunt
885 3857 999 3938 serim,
1013 3856 1171 3948 loquatur
1195 3873 1324 3942 prome
1347 3851 1416 3942 ipsa
1441 3854 1617 3933 materie-a,
1635 3853 1783 3922 utilitate
1799 3881 1858 3924 sna
1874 3883 1908 3927 se
1923 3881 2012 3924 com·

328 3947 499 4016 menelaus.
525 3950 614 4014 Ante
637 3948 767 4039 aliquot
790 3881 929 4041 quidem
953 3969 1074 4026 annos,
1097 3947 1262 4036 jamtum
1294 3957 1483 4010 tractatum
1511 3942 1574 4010 dn.
1604 3941 1858 4038 Woldenbergi
1880 3947 1925 4016 de
1948 3973 2013 4014 nu·

330 4041 433 4107 meris
452 4041 544 4129 juris
568 4039 730 4132 prodiisse
755 4061 820 4106 non
844 4037 1039 4104 dememini.
1065 4037 1196 4105 Verum
1220 4035 1381 4126 quioniam
1406 4034 1463 4102 ille
1488 4035 1637 4102 numeris
1660 4059 1740 4128 quos
1766 4052 1881 4106 vocant
1904 4039 2014 4108 cardi·

329 4130 479 4212 nalibus,
502 4155 636 4222 operam
662 4155 755 4198 suam
779 4142 911 4196 tantum
937 4128 1120 4221 impendit,
1136 4138 1168 4192 et
1193 4127 1229 4192 in
1253 4125 1464 4192 recensendis
1488 4127 1592 4218 magis
1616 4149 1716 4217 qnam
1742 4127 1946 4200 deducendis
1961 4130 2014 4196 di-

327 4221 388 4288 ctis
411 4221 547 4314 juribus
567 4240 744 4312 occupatus
768 4219 869 4290 luisse
893 4219 1044 4300 ridetur,
1068 4241 1134 4285 non
1158 4217 1216 4284 abs
1238 4239 1274 4282 re
1299 4228 1419 4282 memet
1444 4215 1611 4284 iacturum
1635 4215 1794 4301 arbitror,
1818 4221 1845 4288 si
1869 4223 1906 4289 in
1929 4245 2014 4289 enn-

327 4312 517 4398 merandis,
540 4314 602 4406 qui
628 4316 664 4379 iu
686 4315 759 4404 jure
782 4329 961 4380 occurrunt
983 4307 1192 4380 ordinalibus
1216 4305 1367 4373 numeris
1383 4330 1569 4399 eorumque
1585 4308 1717 4396 juribus
1740 4309 1937 4388 enodandis,
1954 4312 2016 4379 ali·

327 4405 523 4497 quantisper
545 4403 761 4488 insudavero,
785 4405 886 4470 initio
910 4402 993 4468 sacto
1016 4399 1180 4558 praesenti
1205 4397 1433 4489 disputatione
1457 4398 1598 4464 solemni
1621 4399 1663 4466 de
1688 4404 1761 4490 jure
1775 4402 1892 4558 primi.
1910 4401 2015 4495 Quod

328 4497 374 4577 si,
396 4495 498 4564 lector
525 4495 708 4577 benevole,
732 4493 944 4562 enumeranti
974 4492 1058 4558 miri
1091 4490 1185 4570 talia,
1214 4489 1351 4556 forsitan
1385 4489 1456 4580 ipsa
1491 4512 1604 4556 rerum
1634 4491 1817 4559 multitno
1850 4495 2014 4586 quaedam

329 4583 546 4674 subduxerit,
569 4588 611 4654 ab
634 4587 845 4654 humanitate
869 4597 926 4649 tna
950 4583 1223 4674 supplementum
1247 4582 1320 4671 ejus
1344 4603 1460 4658 exoro,
1486 4579 1591 4674 idque
1621 4604 1660 4650 eo
1688 4581 1808 4650 certius
1830 4609 1885 4651 me
1909 4587 2017 4677 impe-

326 4689 496 4745 traturum
520 4677 664 4760 conlido,
687 4677 717 4744 si
741 4675 965 4768 reputaveris,
989 4671 1146 4739 materiae
1170 4671 1273 4762 hujus
1301 4669 1529 4762 prolixitatem
1553 4674 1589 4740 in
1615 4672 1811 4740 universnm
1837 4677 1921 4768 juris
1945 4701 2017 4743 am-

326 4770 435 4836 bitum
460 4793 529 4838 sese
552 4765 761 4851 diffundere,
785 4779 886 4858 atque
909 4787 948 4832 es
973 4761 1123 4858 quelibet
1145 4765 1218 4852 ejus
1242 4775 1336 4852 parte
1360 4779 1488 4852 partem
1511 4765 1577 4830 sibi
1602 4762 1790 4847 vindicare,
1814 4766 2017 4858 (quodpro-

327 4881 456 4954 gressns
477 4859 627 4950 docebit)
650 4859 687 4924 in
710 4857 878 4926 similibus
900 4879 979 4925 vero
1002 4853 1225 4962 quorumdam
1252 4852 1403 4920 oblivisci
1432 4865 1465 4918 et
1489 4853 1633 4922 subinde
1665 4853 1733 4922 labi
1764 4867 1857 4924 tanto
1887 4857 2017 4928 facilius

327 4952 538 5046 contingere,
561 4961 690 5042 quanto
713 4947 916 5042 desperatior
938 4969 990 5014 res
1014 4945 1080 5037 apsi
1104 4945 1296 5036 imperatori
1321 4942 1472 5024 videtur,
1496 4945 1651 5012 omnium
1674 4945 1797 5012 habere
1822 4951 2015 5017 memoriam

326 5067 405 5137 erg.
431 5043 462 5133 Ξ.
487 5038 627 5134 siquid
650 5057 770 5109 nutem
804 5041 855 5128 rip
878 5043 1017 5108 constit.¹
1043 5053 1142 5105 tanta
1165 5049 1198 5103 et
1221 5033 1252 5123 Ξ.
1281 5033 1335 5103 13.
1358 5040 1496 5103 constit.
1526 5035 1622 5106 dedit
1652 5033 1826 5105 cubiade
1857 5039 2014 5129 confirm.

326 5137 447 5229 digest.
472 5149 504 5202 et
527 5133 555 5222 Ξ.
580 5135 611 5201 si
633 5129 716 5223 qnid
738 5147 865 5201 autem.
888 5131 938 5219 rip
962 5131 987 5198 l.
1014 5155 1045 5196 2.
1070 5153 1100 5196 c.
1124 5127 1168 5194 de
1193 5127 1473 5220 vetjureenucl.
1491 5129 1607 5219 Atque
1629 5129 1675 5196 sic
1699 5130 1772 5196 sine
1796 5129 2016 5198 ulterioribus

326 5227 504 5296 verborum
528 5224 742 5315 ambagibus,
759 5223 910 5292 invocato
935 5222 1013 5308 illo,
1035 5221 1097 5314 qui
1113 5219 1261 5313 primum
1276 5243 1311 5287 se
1325 5218 1406 5286 dicit
1421 5237 1454 5287 et
1471 5220 1709 5304 novissimum,
1725 5243 1856 5288 summo
1872 5221 2018 5308 debora,

325 5318 390 5412 ipsi
415 5315 509 5406 operi
532 5339 586 5383 me
608 5316 755 5410 accingo,
781 5315 823 5382 eit
847 5319 962 5408 itaque
