4406 6290
411 265 447 330 β
998 259 1189 320 ntsnttttr.
1208 265 1230 320 l.
1249 269 1366 328 ctnur
1385 273 1431 328 Ν.
1969 279 2003 345 li

359 365 454 420 multis
467 359 568 418 abhinc
583 363 660 418 antris
674 363 795 418 ciuitates
810 365 978 437 episcopatus
991 361 1184 416 monastericn·
1235 365 1319 419 donec
1338 385 1381 422 res
1402 368 1514 437 indicio,
1528 368 1560 422 nd
1580 369 1651 440 quoti
1665 355 1987 446 cicitrtes‘prorocsbaut,
2003 385 2055 430 ter·

359 454 397 505 sis
417 452 445 502 in
466 461 596 505 contentu
616 449 792 521 prouinciali,
811 469 862 519 qno
882 449 915 502 de
932 446 1053 516 vectigali
1078 447 1141 499 vino
1160 458 1185 501 et
1237 451 1336 505 minata
1355 465 1431 508 esset.
1453 454 1584 508 Dicebant
1602 457 1674 508 enim
1693 457 1827 526 ciuitates,
1848 459 1901 513 sibi
1920 459 2055 530 vectigalis

357 537 503 592 cerevisiae
516 535 678 608 imponendo
692 544 781 587 actum
802 532 899 598 isserat,
917 549 1029 586 numero
1048 529 1183 600 suffragio·
1233 535 1290 588 vini
1309 547 1335 590 et
1353 537 1497 592 cerevisiae
1517 556 1548 593 ex
1568 539 1644 608 longe
1664 543 1876 615 praescriptione
1893 554 2054 614 competeres

359 643 420 678 rum
440 643 454 676 a
472 621 585 692 reliquis
603 618 762 682 ordinibus,
781 618 908 689 praelatis
923 615 1026 670 scilicet
1039 624 1065 668 et
1084 613 1183 684 equiti·
1234 616 1291 670 lore
1308 631 1411 686 autern,
1432 633 1475 688 ut,
1496 623 1518 675 si
1540 641 1634 676 norum
1655 626 1762 695 vectigal
1781 629 1978 699 imponeretur,
2002 627 2055 680 mi·

358 709 409 762 bus
427 707 551 778 episeopo
570 705 797 770 assentientibus,
819 703 919 766 victae,
946 699 1097 754 montetum
1123 714 1183 752 euru
1234 699 1394 771 ituerentur,
1414 718 1491 778 atque
1513 707 1549 761 ita
1568 708 1597 760 in
1617 709 1676 777 jure
1699 712 1818 780 quaesito
1842 711 1902 764 sibi·
1920 711 2056 784 praejudi-

359 795 475 848 elausula
494 803 582 845 contre
602 792 756 860 episcopum
777 799 803 841 et
823 788 939 858 reliquos
957 785 1066 839 ordines
1089 782 1117 834 in
1143 801 1183 834 en·
1235 787 1308 842 cium
1329 785 1416 845 lieret.
1430 792 1478 844 Uti
1492 791 1572 845 hebet
1590 795 1635 846 du.
1651 792 1787 868 tutotph.
1800 797 1998 869 Engorlestot:
2010 813 2053 853 re·

359 895 433 934 mera
454 875 589 946 imperiali
608 874 802 938 obtinuerunt,
820 889 872 940 qno
884 867 1068 921 executionem.
1085 865 1183 920 decreti

1233 871 1308 944 gion.
1332 877 1425 930 Germ.
1444 893 1467 930 e.
1488 886 1511 929 1.
1530 895 1559 930 n.
1579 888 1621 932 ts.

357 969 388 1021 iu
407 974 537 1022 consentu
558 959 716 1034 provinciali
736 957 799 1012 lecti
824 955 983 1030 suspendere
1006 951 1183 1025 jubebantur,
1252 1037 1253 1042 1

1031 1114 1279 1186 CAPUT
1326 1122 1388 1191 lV.

448 1261 501 1330 De
514 1259 713 1351 praecipuis
728 1251 826 1320 rebus
842 1265 942 1342 utque
960 1246 1175 1402 negotiiqqip
1192 1246 1309 1406 quiduis
1327 1266 1476 1322 statuum
1488 1261 1756 1350 provincialium
1771 1285 1960 1332 consensus

1056 1363 1077 1404 a
1134 1361 1144 1402 t
1170 1359 1223 1402 ert
1249 1366 1286 1406 so
1304 1359 1348 1408 et.

598 1469 937 1531 sutttrAtttA

361 1649 561 1709 connexion.
584 1658 603 1698 1.

365 1736 452 1792 Vario
464 1743 544 1794 sunt,
557 1732 586 1784 in
600 1729 697 1802 quitus
713 1737 833 1782 statuum
843 1723 1052 1796 provincialium
1065 1737 1179 1777 consen·

396 1837 444 1874 sus
463 1818 615 1889 requiritur.
635 1833 662 1867 n.
682 1827 706 1867 1.

361 1911 475 1976 Aeque,
496 1914 526 1958 ut
543 1902 572 1954 in
584 1900 700 1972 imperio
719 1915 762 1952 res
781 1896 900 1952 muaeimi
911 1893 1045 1950 momenti
1056 1911 1113 1948 non
1127 1891 1183 1947 nisi

394 1989 485 2061 plenis
502 1986 620 2042 comitiis
637 1984 728 2041 decidi
741 1993 866 2052 possunt.
885 2000 913 2034 n.
934 1995 956 2034 s.

359 2077 406 2133 stc
422 2087 448 2129 et
467 2075 494 2128 in
512 2071 672 2142 regionibns
690 2078 753 2122 stat.
773 2066 866 2134 imper.
885 2074 1018 2120 serretur.
1035 2081 1063 2114 rs.
1084 2071 1107 2115 t.

357 2167 449 2220 Prout
473 2171 567 2214 turnen
590 2155 719 2228 cujusque
743 2151 899 2220 provincius
923 2146 1091 2202 consuetudo
1106 2142 1178 2215 sert.

396 2265 423 2300 tt.
443 2257 467 2298 d·

358 2329 532 2402 Praecipue,
556 2323 703 2397 inquibus
726 2337 819 2380 eornm
845 2332 992 2375 conserunt
1015 2313 1179 2388 requiritur,

394 2427 456 2472 sunt
474 2409 622 2482 sequentia.
643 2429 669 2462 n.
692 2423 716 2462 c.

359 2507 396 2558 ln
418 2499 535 2570 negotiis
555 2494 620 2550 belli
636 2503 663 2548 et
677 2493 762 2560 punis.
783 2512 810 2546 n.
831 2504 855 2544 1.

356 2584 539 2640 Alienatione
557 2581 689 2634 demanii.
709 2595 738 2630 rt.
761 2589 801 2630 tn.

356 2673 459 2740 Legum
479 2683 614 2720 nouorum
633 2660 908 2732 promulgationem
930 2667 971 2711 ts.

358 2751 567 2824 liesormotione
583 2746 707 2818 politice.
727 2763 754 2798 n.
776 2756 819 2797 st.

356 2843 467 2894 Puncto
486 2835 672 2887 collectarum.
688 2848 717 2882 n.
738 2841 780 2880 se.

358 2925 467 2977 Prono
484 2917 683 2992 gravaminum.
702 2931 729 2965 n.
750 2923 791 2964 tt.

357 3005 453 3061 Poetis
470 3000 650 3058 suecessoriis.
670 3016 698 3050 n.
718 3009 760 3049 so.

355 3089 500 3162 conjugiis
503 3086 635 3159 filiarum
642 3080 790 3136 illmtrium
802 3079 831 3134 in
835 3077 935 3150 findis
943 3077 1108 3148 foemininis
1116 3094 1177 3136 suc·

391 3173 551 3230 cedentium.
572 3191 599 3224 n.
621 3181 662 3222 ct.

356 3257 507 3330 Religionis
524 3251 736 3310 conservatione.
757 3269 783 3302 n.
805 3259 846 3302 st.
865 3265 938 3319 seqq.

362 3345 518 3402 Conclusio.
538 3359 565 3394 n.
586 3353 627 3394 tn.

357 3475 610 3580 Considerarirnns
627 3521 711 3566 stotns
722 3508 899 3583 provinciales
913 3508 940 3560 in
954 3521 1065 3576 genere,
1078 3503 1177 3576 quique

356 3625 449 3662 eorum
468 3603 578 3656 nomine
596 3609 770 3660 censeantur,
784 3595 916 3652 diximus.
931 3604 983 3645 turn
998 3590 1130 3662 quomodo
1142 3589 1176 3641 orl

355 3703 500 3752 eonreutus
519 3683 695 3759 provinciales
713 3690 853 3742 secentur,
873 3677 963 3746 ibique
976 3693 1034 3727 cnm
1048 3673 1176 3746 principi·

356 3786 405 3838 bus
422 3778 574 3832 consultant
593 3790 622 3824 ac
641 3781 771 3832 statuunt,
791 3761 1007 3836 explunusimns3
1026 3779 1098 3816 nune
1115 3779 1173 3825 res,

357 3884 446 3923 musas
464 3873 541 3932 atque
560 3861 682 3928 negotia,
696 3851 834 3924 inquibus
854 3866 945 3902 eorum
964 3863 1106 3900 consensus
1120 3846 1174 3916 ple·

357 3969 468 4021 rumque
486 3947 648 4016 requiritur,
667 3940 706 3995 sel
718 3955 783 4008 quus
797 3937 825 3989 in
838 3931 1013 3988 consentibus
1025 3931 1173 4000 provincia·

1230 1469 1363 1524 consistit.
1375 1473 1525 1528 Menturnis.
1540 1475 1566 1529 d.
1579 1487 1642 1531 stet.
1654 1479 1720 1548 imp.
1740 1481 1833 1535 Germ.
1845 1500 1868 1536 e.
1883 1495 1908 1536 n.
1920 1501 1947 1536 n.
1963 1491 1988 1535 1.
2003 1481 2053 1536 Pru

1230 1549 1301 1606 cibe.
1313 1573 1326 1607 a
1340 1553 1440 1625 Lepide
1453 1559 1480 1610 in
1493 1569 1549 1612 not.
1562 1571 1590 1614 et
1600 1564 1719 1618 strictur.
1734 1568 1772 1620 uri
1785 1567 1873 1620 eumd.
1892 1569 2006 1622 dissurs.
2027 1577 2050 1620 1.

1231 1652 1258 1686 rt.
1281 1649 1304 1690 ⁶·
1323 1641 1465 1711 circufin.
1486 1645 1538 1696 Du.
1558 1644 1686 1718 Ludolph.
1706 1651 1783 1718 Engo
1809 1652 1834 1704 sl.
1859 1659 1921 1706 rtur.
1945 1651 2052 1720 region·

1238 1720 1330 1776 Germ·
1349 1743 1371 1778 c.
1393 1736 1416 1776 t.
1435 1745 1462 1778 n.
1483 1739 1523 1781 ts.
1539 1727 1712 1800 liurgoldens.
1726 1733 1754 1786 in
1769 1747 1824 1788 not.
1839 1736 1903 1802 imp.
1914 1757 1940 1804 p.
1958 1748 1979 1789 t.
1993 1737 2052 1790 dis·

1230 1821 1300 1856 curs.
1323 1818 1364 1859 tt.
1383 1827 1411 1861 n.
1433 1821 1456 1863 t.
1475 1811 1616 1867 Generalis
1636 1819 1771 1873 enuncieti
1784 1819 1945 1883 locositsad
1959 1820 2051 1874 omnia

1230 1885 1295 1954 illa,
1309 1907 1375 1958 quse
1388 1894 1470 1946 totins
1479 1899 1630 1965 prot-incine
1640 1905 1757 1972 corporis
1766 1905 1879 1956 salutem
1892 1915 1968 1974 etque
1980 1923 2053 1958 eorm

1232 1990 1337 2026 munem
1357 1978 1502 2032 utilitatem
1521 1991 1649 2052 snrgunt,
1668 2003 1698 2038 sc
1711 2004 1864 2056 promouere
1878 1989 1980 2053 ualent,
1995 1990 2052 2060 ple·

1231 2075 1323 2128 rosque
1341 2075 1500 2117 concentum
1513 2077 1540 2120 et
1554 2087 1691 2124 ussensum
1704 2072 1830 2126 ordinum
1844 2073 2052 2144 prouincialium

1230 2161 1374 2214 requirere.

1269 2233 1343 2288 lutor
1359 2253 1425 2306 qnae
1444 2239 1585 2312 praecipue
1603 2241 1725 2298 eminent
1749 2242 1838 2316 primo
1862 2242 1967 2314 negotia
1986 2241 2051 2296 belli

1230 2327 1255 2370 et
1270 2321 1351 2389 pacis.
1370 2321 1404 2374 Et
1421 2335 1550 2393 qnantum
1571 2339 1678 2391 nocent,
1695 2329 1762 2398 quin
1780 2331 1835 2381 into
1854 2329 1975 2382 nocuerit
1993 2345 2050 2382 sast
2109 2339 2115 2351 ‘
2199 2337 2200 2344 ’

1229 2423 1277 2476 pe,
1296 2405 1365 2476 quod
1386 2418 1498 2463 statuum
1519 2413 1726 2482 prosincisliunt
1752 2415 1780 2466 in
1807 2413 1942 2480 eiusmodi
1969 2415 2051 2468 rebus

1229 2507 1280 2542 non
1295 2491 1424 2546 baben-tur
1441 2496 1525 2558 ratio,
1540 2497 1585 2548 sed
1599 2498 1735 2551 in'erdum
1756 2515 1785 2552 re
1803 2517 1855 2551 non
1876 2499 2050 2568 ampliositas

1226 2583 1296 2642 tegra
1315 2575 1342 2628 in
1360 2578 1503 2630 consilium
1529 2580 1714 2646 adhibeantur,
1734 2592 1959 2652 querunturque,
1977 2583 2050 2638 unsis

1228 2658 1314 2714 medie
1332 2659 1395 2713 belli
1413 2661 1522 2732 gerendi
1543 2665 1634 2734 parari
1651 2667 1771 2736 possint,
1790 2679 1816 2721 et
1832 2678 1962 2738 qturrtum
1983 2669 2047 2721 sub·

1229 2745 1291 2796 sldii
1312 2747 1462 2816 pecuniarii
1488 2750 1587 2820 sperari
1607 2760 1684 2819 quest
1699 2750 1733 2804 el)
1753 2752 1842 2820 ipsis,
1862 2752 1933 2804 nibil
1950 2753 2051 2806 attinet

1228 2828 1325 2882 dicere.
1344 2830 1398 2881 rid'.
1418 2829 1546 2902 Brnggrn.
1564 2834 1592 2885 in
1613 2834 1716 2887 dt‘ssert.
1731 2834 1763 2888 de
1776 2845 1838 2887 stet.
1858 2845 1884 2886 et
1901 2851 1982 2904 scopo
1996 2835 2050 2888 ret»

1227 2913 1301 2981 publ.
1310 2914 1402 2967 Germ.
1413 2925 1484 2985 port.
1497 2929 1521 2970 t.
1533 2927 1595 2969 sect.
1611 2929 1634 2970 s.
1649 2937 1677 2970 n.
1693 2929 1714 2968 1.
1729 2917 1803 2988 Apud
1819 2920 1950 2971 nomuuos
1962 2935 2049 2988 quon·
2113 2950 2117 2957 ·

1228 2997 1288 3052 darn
1309 3015 1383 3053 secus
1398 3015 1440 3052 res
1459 3017 1488 3053 se
1507 3001 1614 3065 hebuit,
1629 3003 1729 3074 qnippe
1740 3002 1785 3072 qui
1798 3001 1943 3074 prudenter
1955 3003 2049 3057 admo·-

1226 3083 1287 3135 dum
1308 3092 1426 3153 tempore
1445 3093 1471 3136 et
1489 3083 1556 3136 alias
1574 3084 1805 3151 circrnnstnntias,
1824 3087 1976 3158 prinsquam
1991 3087 2050 3140 hel·

1227 3169 1281 3218 lum
1300 3166 1469 3238 inciperent,
1488 3186 1576 3222 secum
1597 3171 1798 3237 tloliberarnntq
1818 3173 1854 3224 ita
1873 3189 1933 3225 ctam
1958 3176 2049 3242 pressi

1227 3264 1315 3306 esseut
1328 3255 1360 3308 ab
1375 3253 1540 3318 flanttibale,
1554 3257 1673 3326 quemvis
1692 3259 1732 3310 vel
1749 3269 1809 3311 tune
1828 3257 1921 3325 justam
1941 3275 2049 3310 causum

1225 3337 1347 3389 adsersus
1367 3337 1524 3409 Philippum
1546 3341 1643 3393 hebere
1661 3341 1825 3410 potuissent,
1845 3341 2050 3396 macedonicum

1226 3433 1314 3476 temen
1334 3422 1448 3490 bellum,
1464 3435 1527 3479 teste
1540 3425 1629 3491 Livio,
1643 3427 1783 3480 distulisse
1803 3426 1922 3480 contenti
1934 3426 2050 3480 inerunt.

1227 3509 1326 3562 Iletern
1343 3509 1417 3563 enirn
1437 3509 1474 3560 itn
1492 3519 1550 3574 est,
1567 3519 1646 3581 prout
1664 3510 1799 3563 disserunt
1818 3512 1893 3576 opud
1914 3512 2048 3581 Tlnrryrli-
2096 3523 2129 3568 to

1226 3594 1285 3648 tlem
1298 3592 1343 3664 lep
1359 3594 1381 3646 ti
1389 3593 1607 3659 Atlteniensinm,
1617 3606 1642 3647 et
1653 3594 1763 3664 quintus
1769 3595 1895 3650 Metellus
1906 3597 1981 3668 opud
1992 3597 2053 3654 Cri-

1224 3694 1305 3747 spum
1323 3679 1479 3733 Salustium.
1491 3679 1520 3732 in
1540 3679 1610 3733 lello
1626 3679 1801 3751 irrgumbinu:
1816 3690 1919 3734 mature
1937 3681 2049 3751 praede·

1226 3761 1392 3815 liberantium
1415 3778 1488 3828 esse,
1507 3763 1661 3833 priusquam
1682 3762 1779 3815 bellum
1800 3763 1964 3834 incipieturs
1987 3765 2050 3818 ille·

1227 3857 1282 3901 turn
1303 3863 1363 3900 sero
1382 3843 1494 3900 efficere
1511 3847 1597 3900 sarias
1616 3847 1700 3920 vices,
1721 3863 1772 3900 nee
1790 3847 1817 3898 in
1836 3846 1954 3914 ejusdem
1973 3857 2052 3918 pote·

1227 3943 1291 3985 state
1310 3931 1424 3984 initium
1439 3931 1495 3998 eins
1508 3942 1535 3984 et
1548 3929 1628 3984 finem
1649 3947 1720 3995 esses
1736 3931 1858 4000 incipere
1871 3932 1955 3985 cuiris
1965 3933 2051 3986 etism

355 4039 427 4090 libus
446 4031 571 4094 tracturi,
591 4039 668 4094 atque
684 4023 718 4076 ed
731 4018 932 4076 consultandum
946 4015 1057 4086 proponi
1073 4016 1174 4072 solent.
1226 4018 1319 4087 ignaro
1338 4018 1434 4082 licere,
1454 4015 1551 4088 deponi
1569 4033 1628 4068 curn
1648 4015 1762 4069 uictores
1781 4016 1872 4068 velint.
1891 4017 1965 4086 Quse
1984 4032 2050 4086 pro·
2142 4048 2150 4064 ·.

357 4123 441 4176 oeulis
459 4115 648 4182 subiiciemnsq
660 4117 687 4163 et
700 4121 747 4178 pro
760 4105 862 4159 ratione
877 4112 961 4154 status
974 4103 1101 4169 cujusque
1114 4091 1173 4170 pro.
1225 4097 1293 4153 seqq,
1313 4119 1365 4153 μου
1384 4099 1415 4152 ,q
1435 4110 1536 4156 „um
1555 4097 1631 4151 modu
1644 4099 1844 4169 peninum„
1858 4100 1904 4152 m,
1918 4101 1999 4156 emm
2014 4101 2051 4156 ad

357 4206 460 4265 vinciae
476 4200 568 4255 eadem
587 4196 658 4250 saria
677 4209 734 4246 esse
751 4190 845 4244 solent.
866 4183 952 4240 Sicuti
971 4203 1031 4238 cero
1050 4187 1174 4256 iuimpe·
1227 4203 1304 4256 pnrrn
1324 4197 1439 4240 stantum
1461 4185 1569 4257 imperii
1589 4201 1668 4254 regna
1688 4187 1742 4238 sire
1762 4186 1899 4238 territoria
1918 4187 2052 4259 applicant

357 4297 398 4349 rio
418 4282 691 4356 romano-germanico
716 4281 749 4332 de
774 4275 888 4346 negotiis
906 4273 1017 4324 maximi
1044 4270 1173 4322 momenti
1227 4281 1367 4341 poterunt,
1394 4290 1423 4324 so
1443 4271 1471 4322 in
1497 4271 1531 4322 iis
1557 4269 1637 4322 etiam
1658 4283 1706 4340 pro
1724 4285 1752 4321 ee
1772 4278 1833 4321 neta
1852 4285 1913 4322 eum
1931 4271 2071 4326 ,2⁸5qu

358 4397 411 4434 non
430 4377 484 4430 uisi
502 4372 594 4445 plenis
613 4364 733 4421 comitiis
751 4362 830 4416 statui
850 4368 950 4429 potest,
967 4373 1018 4424 per
1035 4365 1088 4410 nrt.
1108 4369 1133 4408 e.
1152 4355 1174 4420 §.
1225 4355 1434 4426 provinciutibus
1461 4355 1620 4424 tempestire
1642 4353 1845 4408 consultandum
1865 4355 1900 4408 de
1921 4359 2052 4411 tenuissi-

358 4463 510 4537 gondeunt,
529 4457 606 4511 instr.
624 4451 703 4522 pacis
727 4447 840 4502 osnebr.
857 4443 919 4496 odd.
946 4441 1125 4493 Duniel‘Otto
1143 4439 1175 4492 de
1227 4442 1278 4494 mis
1297 4441 1377 4493 etiem
1396 4457 1484 4492 rerutn
1506 4439 1666 4505 momentis,
1686 4438 1826 4508 medieque
1845 4447 1906 4490 sunt
1926 4441 1954 4492 in
1974 4450 2052 4494 ente-

353 4551 417 4622 ]'tltt
435 4545 508 4618 publ.
527 4561 550 4596 ⁰·
573 4552 612 4594 ¹³·
631 4547 657 4590 0²
676 4537 758 4587 50⁰¹·
778 4530 865 4582 ΒΜ·
883 4529 912 4582 ¹7²
928 4536 984 4580 '¹⁰‘-
998 4535 1024 4580 θ’
1036 4522 1174 4578 Mimall-
1226 4549 1328 4584 cessum
1347 4529 1481 4600 paranda,
1501 4526 1609 4597 etquid
1628 4526 1731 4580 valeant
1751 4526 1875 4592 bruneri,
1892 4525 1956 4596 quid
1977 4525 2053 4582 serre

362 4623 400 4689 od
412 4630 502 4688 eumd.
520 4627 599 4680 limn.
618 4621 705 4675 enuel.
724 4620 741 4671 l.
763 4627 787 4669 t.
805 4635 827 4670 e.
848 4625 889 4665 11.
909 4630 934 4664 n.
955 4621 998 4664 st.
1017 4609 1086 4662 Eitel
1098 4608 1174 4661 Frie-
1227 4629 1346 4670 ,gemm
1357 4651 1365 4680 ‚
1384 4613 1459 4684 prin,
1478 4611 1951 4682 pernoscendum,qusm1ubsiem
1970 4611 2051 4666 dub„

360 4717 440 4768 ‘¹⁸5ss
458 4729 508 4766 '⁰⁰
527 4707 639 4762 fli'dffl
656 4703 685 4756 ’Ἀ
705 4702 753 4755 ‘²⁶'
770 4696 962 4753 Glflnd·F‘⁸¹²
974 4695 1021 4746 Μ
1033 4695 1069 4746 H·
1083 4695 1175 4744 Μεθ’·
1225 4701 1321 4756 Mortis
1338 4701 1421 4753 alenus
1441 4715 1605 4770 pseusemus.
1626 4699 1708 4752 Seeus
1728 4697 1752 4750 si
1771 4695 1833 4761 list,
1853 4706 1880 4752 et
1898 4699 2050 4752 neccsssrio

361 4799 460 4856 3‘50715
476 4803 547 4867 ΡΜ·
568 4805 591 4845 ³·
610 4809 634 4843 ⁶·
656 4797 679 4840 ¹·
699 4789 809 4857 simii·
828 4783 930 4836 lacem·
949 4777 1071 4832 'mm'-
1089 4785 1178 4829 *lam
1228 4786 1344 4838 max-ime
1362 4793 1491 4856 spparstu
1514 4784 1626 4853 insuper
1651 4783 1764 4848 habito,
1782 4799 1859 4836 coeco
1877 4797 1925 4834 nos
1943 4785 2050 4853 impetu

359 4905 383 4940 s·
402 4901 473 4940 rom·
491 4879 552 4949 imp.
572 4894 595 4930 e.
617 4887 642 4928 1.
660 4891 688 4926 n·
707 4883 732 4926 s.
751 4871 845 4924 Fraus.
864 4866 963 4920 irenis.
980 4865 1010 4918 in
1028 4861 1121 4934 colleg.
1141 4861 1179 4914 ecl
1227 4870 1389 4940 „mespha
1407 4871 1450 4939 ,gq
1476 4868 1628 4939 mmm,
1649 4867 1721 4921 ,Μ
1746 4866 1853 4937 quidem
1879 4866 1959 4920 quino
1985 4869 2053 4922 ,ieet

361 4967 491 5040 Burgoll.
508 4984 534 5032 ρ.
555 4975 579 5015 s.
596 4960 661 5012 disc.
682 4971 705 5012 t.
723 4975 752 5024 p.
767 4965 807 5008 tt.
821 4953 867 5006 Sic
879 4951 960 5005 etiam
976 4949 1004 5002 in
1024 4947 1177 5018 regionibus
1228 4957 1348 5012 videam
1366 4956 1495 5023 aerluum,
1513 4955 1583 5008 nibil
1603 4972 1655 5007 non
1673 4955 1812 5025 persium,
1827 4955 1993 5026 postmodum
2009 4965 2052 5009 ts-

351 5023 480 5109 i⁸¹⁸i¹¹⁰¹¹²
497 5045 608 5118 impelli
625 5056 815 5114 ”llllenumero
833 5038 928 5092 “²¹⁰⁰‘'
949 5052 990 5088 ’θ’
1015 5035 1176 5098 ⁰bV⁸¹¹iu¹¹lr
1228 5059 1288 5095 meu
1308 5041 1470 5095 incurrimus
1487 5039 1612 5103 demum,
1626 5057 1691 5108 quse
1704 5047 1778 5091 antea
1799 5039 2051 5094 animudrerssmon

361 5157 427 5212 qnae
446 5153 498 5191 nou
517 5133 572 5186 uisi
585 5131 614 5182 in
625 5127 744 5183 comitiis
758 5121 966 5194 prouincialibus
977 5116 1159 5188 expediendos
1166 5155 1174 5182 ,
1227 5125 1335 5179 fuerunt
1355 5122 1530 5178 isseommorls.
1543 5121 1597 5175 sid.
1617 5121 1751 5190 Schepliz.
1770 5123 1809 5174 uel
1825 5139 1922 5177 consu.
1941 5125 2051 5177 Horeb.

362 5244 428 5300 quae
447 5235 532 5277 antem
553 5217 613 5270 illae
631 5215 702 5279 sint,
721 5211 792 5264 nihil
810 5209 876 5260 certi
899 5214 988 5276 potest
1009 5202 1119 5256 deliniri
1136 5204 1176 5257 rel
1225 5219 1295 5278 part.
1309 5219 1391 5261 t.t.t.
1405 5211 1428 5274 §.
1441 5218 1462 5260 1.
1475 5227 1503 5262 n.
1519 5217 1543 5258 1.
1557 5219 1580 5260 s.
1595 5205 1655 5259 edd.
1668 5208 1765 5275 Myler.
1783 5208 1816 5259 ab
1834 5207 2000 5260 Ebrenbech.
2014 5211 2053 5262 rie

362 5311 454 5368 statui.
468 5307 580 5374 ideoque
599 5305 628 5355 in
647 5296 761 5367 singulis
771 5291 926 5363 regionibns
938 5290 1130 5359 spectandum,
1144 5287 1177 5342 de
1227 5291 1342 5361 princip.
1351 5302 1378 5346 es
1393 5301 1456 5345 stat.
1464 5291 1530 5359 imp.
1539 5300 1611 5361 part.
1627 5299 1650 5342 1.
1663 5309 1686 5344 e.
1695 5300 1737 5343 ts.
1747 5309 1773 5343 n.
1789 5303 1812 5343 1.
1825 5290 1960 5361 cireufin.
1975 5294 2051 5346 ltine

361 5395 458 5470 quibus
472 5391 551 5446 rebus
562 5393 718 5442 contentum
731 5377 932 5442 consuesceret
942 5373 1047 5444 legibus
1060 5373 1177 5443 pactisre
1229 5376 1328 5428 iterum
1342 5377 1491 5446 iterumque
1510 5374 1584 5438 ilico,
1597 5375 1755 5444 tempestiue
1772 5375 1981 5436 consultandum.
2002 5393 2051 5428 ex-

363 5477 603 5544 centumcellonga
612 5467 803 5523 consuetudine
817 5463 1007 5518 introductum.
1020 5457 1095 5510 Nihil
1105 5458 1176 5511 enim
1229 5461 1486 5532 podiatae-bellum,
1505 5459 1583 5514 rebus
1602 5459 1763 5513 Germaniae
1780 5462 1819 5513 etc
1838 5461 1878 5513 vet
1897 5461 1936 5512 ,ic
1955 5479 1983 5512 η
2002 5461 2053 5513 ha.

361 5565 497 5638 probibet,
509 5559 574 5614 alibi
587 5556 711 5610 ordinum
723 5548 932 5622 prouincialium
946 5541 1055 5612 majoris
1065 5543 1177 5595 auetori-
1230 5547 1374 5614 bentibus,
1393 5545 1492 5601 ricinis
1511 5543 1629 5608 inferri,
1655 5544 1802 5600 observatis
1828 5555 1916 5598 tamen
1941 5562 2052 5615 senipec-

362 5652 443 5713 tatis,
454 5663 519 5718 quae
533 5645 561 5698 iu
574 5639 699 5711 jubendi,
713 5633 817 5690 retundi
831 5641 858 5686 ot
876 5626 1033 5690 decidendi,
1047 5625 1113 5678 alibi
1128 5625 1177 5678 mi·
1229 5630 1331 5700 legibus
1350 5630 1461 5704 imperii
1479 5627 1738 5692 fundamentalibus,
1755 5629 1809 5680 vid.
1828 5629 1956 5701 ψοφῇ,
1971 5633 2052 5698 11qu

362 5735 438 5791 noris
455 5748 526 5802 esse,
543 5744 609 5803 quus
623 5725 652 5782 in
671 5719 799 5779 suadendi
817 5730 841 5777 et
863 5711 1028 5772 delibernudi
1052 5708 1176 5766 terminis
1230 5717 1262 5771 ele
1275 5729 1339 5778 stat.
1353 5718 1456 5795 region.
1468 5716 1564 5792 -Germ
1575 5730 1599 5768 e.
1615 5725 1640 5768 s.
1652 5731 1680 5770 n.
1695 5729 1718 5773 s.
1729 5729 1800 5788 seqq.
1814 5715 1874 5772 ioh.
1885 5715 2053 5790 Wutffganq.

2100 4707 2138 4748 ts
