4442 6308
408 313 456 380 ιιι

360 418 465 466 saulum
482 423 559 476 quem
582 397 747 474 puniendum
768 391 917 466 praecipit,
936 391 1113 464 inquantum
1135 393 1180 446 dc.

355 497 374 548 li
388 495 448 566 quit
463 509 512 562 per
527 491 546 541 l.
561 479 744 561 prospcbr'end.
760 491 801 532 tt.
813 488 840 531 ιι
859 478 878 528 l.
900 489 941 532 ts.
949 475 991 545 ff.
1008 476 1042 530 da
1060 497 1141 550 poen,
1160 481 1179 531 ι,

365 579 515 634 ιιιιιιιίιιιι.
536 584 578 624 ιι.
596 590 619 625 ι.
637 567 698 622 eod.
715 583 774 637 cop.
792 565 910 636 quaaer’c.
927 563 961 616 Χ.
988 563 1021 616 de
1044 563 1085 618 ais
1112 583 1181 633 quae

354 662 436 736 fiunt
454 681 472 714 α
491 658 587 731 major.
607 663 681 727 pars·
697 654 779 720 capt's.
799 651 851 702 Pro
869 659 946 718 parte
965 649 1069 716 igitur,
1087 668 1137 720 qua
1156 669 1181 702 a·

359 747 460 811 basus,
479 762 531 796 nou
552 751 605 796 toto
624 743 681 808 jure
699 733 843 807 privandus
861 734 932 788 erit:
951 734 998 786 dn.
1026 736 1134 788 Praeses
1153 735 1181 788 ιἰι

357 823 451 886 eatam.
462 830 525 902 jur.
533 825 615 898 send.
630 843 653 878 c.
670 836 710 876 ts.
722 842 747 893 p.
761 833 803 875 st.
823 821 901 873 modo
921 823 948 873 in
962 831 1040 891 parte
1055 819 1123 874 iacta
1136 821 1182 874 de·

362 913 503 968 terioratio
516 928 571 964 non
586 908 679 962 tendat
689 907 721 960 ad
737 907 820 959 totius
832 905 1047 976 corruptionem.

284 1032 315 1068 ,0
394 999 460 1052 Cum
478 1006 566 1051 autem
584 993 742 1064 quandoque
761 992 910 1046 contractui
930 989 1028 1044 tentati
1043 989 1127 1042 inseri
1142 1003 1185 1039 so·

355 1087 407 1138 leat
426 1082 549 1135 clausula:
567 1099 599 1134 su
618 1079 724 1142 lichen,
738 1097 771 1131 ιιι
784 1078 894 1139 baltea,
913 1096 946 1130 su
964 1071 1140 1142 vericaffen,
1154 1091 1187 1124 ιιι

358 1179 508 1232 ιιιιιιιιιι,
525 1186 558 1218 ιιι
575 1161 778 1226 vermeeirreln,
797 1183 830 1216 cu
857 1161 1021 1230 sibergedea,
1055 1179 1089 1212 eu
1119 1173 1189 1209 ster·

351 1250 510 1324 psceaders,
530 1250 588 1303 und
603 1248 690 1302 aeine-s
713 1245 859 1316 Gefnllens
877 1244 985 1306 dormit
1009 1245 1112 1298 ιιιιΙιιιιι
1137 1241 1194 1295 uad

354 1336 492 1398 sulassen,
518 1349 548 1385 ea
581 1330 677 1384 abusus
702 1329 853 1398 impunitas
879 1330 1014 1399 permissa
1042 1344 1095 1380 non
1123 1325 1190 1388 erit,

356 1421 457 1494 quippe
480 1415 594 1470 clausula
620 1415 686 1469 baec
710 1415 780 1466 ultra
806 1413 985 1467 intentionem
1013 1408 1191 1464 concedentis

354 1503 427 1556 nibil
444 1500 543 1574 poterit
560 1498 685 1570 operari,
704 1499 752 1568 qui
770 1515 823 1550 non
837 1497 920 1551 alium
939 1515 1017 1567 quam
1031 1495 1190 1549 liberiorem

360 1587 542 1656 aliquatenus,
561 1583 713 1653 legitimum
735 1590 824 1635 tamen
845 1580 917 1634 teott
937 1598 1028 1644 tasum,
1050 1596 1103 1630 non
1127 1577 1190 1629 ebu-

358 1690 415 1726 sum
430 1689 459 1724 ea
483 1669 641 1742 permisisse
665 1667 814 1720 censendus
838 1677 891 1731 est,
906 1681 965 1718 curn
985 1675 1094 1737 propter
1108 1677 1183 1732 prac-

354 1757 553 1827 sumptionem,
572 1771 651 1824 quam
665 1755 735 1822 leges
747 1749 851 1819 locent,
864 1751 1002 1804 neminem
1017 1759 1110 1804 contra
1125 1745 1179 1799 uti·

354 1846 460 1897 litatem
478 1859 552 1895 suam
571 1840 772 1902 laboraturum
793 1847 863 1903 tum,
891 1837 969 1907 quod
1006 1837 1033 1888 iu
1061 1833 1195 1906 praejudi-

357 1927 428 1979 cium
448 1923 539 1978 salutis
558 1923 677 1995 publicae
697 1923 769 1976 aliud
790 1921 934 1976 coracedere
960 1939 1013 1973 non
1048 1919 1191 1991 potuerit:

355 2031 421 2083 quae
441 2013 513 2064 enim
533 2010 642 2064 laedunt
661 2009 787 2079 pietatem
807 2017 833 2060 ιι
860 2007 994 2076 rempubl.
1022 2023 1050 2058 ea
1077 2006 1112 2058 uti
1141 2022 1191 2058 nec

358 2099 443 2152 iacere
467 2099 615 2167 possimus,
635 2093 673 2147 ita
693 2111 741 2146 uec
759 2092 918 2162 promisisse
945 2109 1090 2145 censemur
1120 2091 1139 2142 l.
1168 2101 1190 2143 t.

374 2181 397 2255 5.
413 2193 436 2233 a,
440 2180 481 2250 ff.
495 2183 583 2252 depos.
598 2179 617 2230 t.
630 2190 672 2230 rr.
688 2185 710 2240 a.
726 2190 749 2228 s.
764 2187 790 2230 er
801 2177 819 2229 t.
834 2188 875 2228 sa.
886 2194 930 2249 pr.
932 2174 973 2245 ff.
988 2178 1021 2229 cte
1031 2187 1105 2245 poor.

401 2265 467 2318 Cum
488 2275 576 2317 antem
597 2263 649 2316 tria
668 2261 715 2313 illa
735 2260 882 2329 insigniora
900 2264 959 2330 jura
972 2262 1131 2332 plerumque
1146 2277 1192 2330 per

357 2351 541 2407 investituram
561 2349 590 2401 iu
609 2347 750 2402 vassallum
777 2355 923 2411 transeant,
952 2345 988 2397 ita
1013 2357 1040 2398 ut
1065 2344 1189 2415 patrimo·

357 2438 438 2494 ninlia
460 2431 655 2506 quodammodo
673 2429 766 2484 effecte
780 2430 855 2492 sint,
874 2427 1029 2496 jurisdictio
1043 2445 1080 2480 sc.
1096 2430 1137 2494 ius
1151 2443 1192 2478 re-

358 2525 459 2585 naudi,
479 2531 505 2576 et
522 2525 564 2590 jus
586 2526 761 2590 patronatus,
780 2515 814 2570 de
832 2514 915 2567 abusu
936 2513 1045 2566 illorum
1060 2513 1151 2582 paucis
1163 2532 1191 2564 a·

360 2609 490 2680 getulum.
510 2603 667 2658 iurisdictio
679 2600 719 2653 uti
734 2608 825 2651 notum
838 2609 875 2650 eat
888 2635 895 2661 ,
910 2599 938 2650 in
951 2597 1115 2665 generalicri
1132 2611 1193 2647 sen·

363 2710 394 2746 su
414 2688 538 2744 roeabulo
556 2689 613 2756 ejus
631 2683 776 2746 adhibito,
795 2681 860 2733 sluaa
879 2680 927 2732 sub
947 2697 974 2733 se
988 2679 1194 2749 comprehendit

364 2780 483 2850 species;
502 2769 715 2842 jurisdictionem
736 2767 764 2817 in
784 2765 875 2836 specie
893 2767 933 2817 sic
946 2764 1046 2816 dictam
1057 2803 1065 2830 ,
1086 2775 1113 2818 et
1134 2783 1190 2818 me·

369 2880 429 2916 rum
448 2855 612 2929 imperinm:
632 2855 678 2905 illa
698 2854 725 2904 in
747 2852 833 2904 causis
853 2849 994 2912 civilibus,
1008 2849 1107 2917 quibus
1124 2852 1194 2902 intc-

372 2943 445 3001 resse
463 2945 607 3017 priamum,
627 2941 692 2991 baec
711 2937 738 2988 in
759 2933 967 2998 criminalibus,
992 2933 1088 3003 quibus
1106 2935 1190 3006 publi-

369 3051 426 3088 cum
446 3028 646 3102 persequimur,
667 3028 720 3078 rim
741 3041 813 3076 suam
836 3021 953 3086 exserit,
973 3032 1082 3090 utraque
1108 3021 1191 3074 abusa

371 3118 511 3172 amittitur.
532 3111 662 3167 ilosentb.
682 3109 800 3180 deseud·
818 3127 878 3178 cop.
896 3107 1036 3160 to.eone1.
1051 3120 1093 3161 ss.
1107 3129 1133 3162 ιι.
1151 3123 1192 3164 ιι.

373 3205 494 3273 Paueqm.
513 3200 545 3253 de
558 3197 656 3269 jurisd.
669 3196 716 3248 lib.
734 3207 759 3247 t.
773 3212 833 3266 cap.
848 3195 895 3248 ult.
911 3213 939 3246 a.
957 3202 997 3247 ιι.
1011 3203 1038 3246 ιι
1056 3196 1147 3265 plures
1160 3196 1192 3249 ab

967 295 1158 355 DlSPUTdT.
1178 302 1222 354 lX.
1242 299 1359 356 CAPUT
1378 304 1425 357 tv.

1948 301 2003 366 ιιι

1235 413 1265 448 ac
1284 397 1317 451 de
1335 417 1366 452 eo
1384 401 1452 454 alibi
1471 400 1667 462 scrutabitur
1685 405 1781 479 agendi
1798 399 1919 466 occasio,
1937 396 1983 452 hic
2003 417 2058 453 non

1233 482 1452 554 anticipabimus.
1466 488 1565 542 Tribus
1583 504 1671 546 autem
1683 492 1854 564 potissimum
1864 483 1969 540 casibus
1982 501 2056 536 eom-
2097 493 2128 532 ιι

1235 567 1366 623 mittendo
1384 573 1445 640 quis
1458 591 1533 628 mero
1553 576 1670 646 imperio
1688 575 1821 637 abutitur,
1840 573 1882 627 rel
1901 570 1930 622 in
1956 568 2059 622 exerei-

1237 653 1268 706 tii
1287 658 1354 709 meri
1373 657 1483 728 imperii
1503 661 1728 731 praeparatoriis,
1741 661 1782 714 ael
1795 661 1823 711 in
1838 655 1972 728 supplicio
1985 654 2058 724 ipso,

1237 739 1276 790 sei
1296 739 1324 792 in
1345 743 1424 794 modo
1443 744 1579 814 supplicii.
1599 746 1630 798 lu
1648 744 1876 817 praeparatoriis,
1897 751 1959 812 puta
1981 739 2005 792 si
2019 739 2056 790 le·
2096 739 2129 778 ⁵⁸

1236 820 1314 888 gibus
1334 842 1472 893 processus
1490 829 1641 882 criminalis
1659 831 1803 899 neglectis,
1821 843 1871 878 nee
1883 843 1962 879 causa
1980 819 2057 878 sciti-

1236 905 1339 961 cienter
1357 913 1463 978 cognita
1484 923 1610 984 properet
1627 915 1659 967 ed
1678 911 1920 974 cortilemnandum,
1936 911 1960 962 si
1979 909 2061 960 nullis

1240 990 1351 1046 iudiciis
1370 991 1584 1064 sufficientibus,
1603 1017 1671 1068 quae
1689 1007 1776 1051 tamen
1796 994 1987 1064 urgentissima
2001 1010 2060 1046 esse

1239 1072 1357 1142 debent,
1375 1077 1408 1129 ad
1430 1089 1558 1134 torturam
1579 1081 1716 1152 procedat,
1736 1081 1759 1133 si
1778 1097 1811 1134 ex
1829 1082 1884 1134 sola
1903 1088 1932 1132 ιι
1944 1095 2060 1130 summa-

1240 1158 1280 1209 rie
1297 1158 1466 1230 depositione
1484 1167 1589 1219 testium
1609 1167 1649 1218 ael
1667 1162 1835 1218 corriessione
1853 1181 1930 1218 reum
1961 1163 2059 1215 coarde-

1241 1252 1330 1306 mnet,
1350 1261 1399 1295 nec
1416 1245 1492 1316 prius
1511 1247 1634 1300 articulis
1653 1265 1685 1300 ex
1704 1249 1875 1318 depositione
1892 1247 1933 1301 ael
1956 1245 2061 1300 eouies·

1240 1329 1316 1381 sione
1333 1326 1456 1384 formatis
1474 1347 1548 1385 reum
1568 1332 1717 1402 interroget
1741 1344 1790 1387 etc.
1808 1349 1875 1403 quae
1892 1335 1981 1384 omnia
2001 1333 2062 1402 plu·

1241 1411 1314 1464 ribus
1333 1416 1504 1484 persequitur
1521 1417 1548 1470 b.
1568 1419 1615 1472 dn.
1634 1416 1735 1470 Brunn.
1753 1418 1782 1471 s'n
1798 1435 1873 1485 proc.
1891 1417 1948 1489 inq.
1974 1416 2002 1468 iu
2029 1437 2060 1470 o-

1240 1497 1348 1549 mnibus
1367 1498 1424 1552 scre
1442 1500 1583 1570 capitibus.

1277 1580 1357 1635 Circa
1376 1582 1464 1653 ipsum
1491 1586 1655 1654 suppliciam
1682 1584 1779 1639 abusus
1806 1583 2007 1650 committitur,
2036 1582 2061 1636 si

1241 1665 1362 1733 gravior,
1381 1686 1460 1736 quam
1481 1668 1611 1723 delictum
1631 1671 1801 1740 requirebat,
1818 1687 1902 1742 poena
1921 1670 2064 1738 irrogetur,

1240 1767 1291 1817 quo
1311 1750 1513 1826 ipso'iniamiae
1530 1766 1619 1808 noum
1639 1755 1684 1808 rix
1702 1753 1817 1824 elingere
1828 1757 1835 1826 ,¹
1842 1755 1937 1827 poterit
1965 1754 2062 1822 judea,

1242 1831 1264 1882 si
1286 1834 1326 1884 ael
1346 1833 1440 1887 alacrior
1459 1837 1499 1889 rel
1519 1837 1614 1892 mitior
1634 1841 1690 1906 lege
1708 1840 1761 1890 sit.
1778 1839 1796 1890 l.
1824 1850 1849 1890 e.
1874 1835 1963 1908 §.fian
1982 1857 2004 1890 c.
2025 1839 2066 1892 ed

1242 1915 1258 1968 1.
1271 1915 1326 1987 jul.
1345 1919 1379 1972 de
1398 1918 1425 1972 vs'
1438 1919 1514 1990 publ.
1534 1921 1633 1976 Contra
1652 1923 1724 1976 bunc
1740 1923 1849 1992 quidem
1875 1923 1985 1976 abusum
2009 1943 2066 1976 tuo·

1242 2015 1284 2050 res
1302 2001 1489 2072 plerorumque
1507 2005 1641 2071 locorum,
1659 2021 1786 2076 expressa
1804 2015 1893 2060 autem
1911 2007 1954 2058 lea
1970 2006 1997 2058 iu
2011 2006 2064 2058 cle·

1241 2093 1342 2138 ctoratu
1361 2088 1507 2155 saxoniae,
1526 2089 1675 2142 remedium
1701 2089 1876 2154 induxerunt,
1904 2102 1931 2144 nt
1953 2098 2010 2142 acta
2029 2090 2064 2142 ad

1243 2169 1392 2227 facultatem
1410 2178 1450 2229 rel
1470 2176 1502 2227 ad
1528 2176 1692 2230 scabinatum
1714 2176 1759 2241 (in
1785 2178 1930 2230 electuratu
1953 2175 2063 2244 quidem

1244 2257 1377 2312 saxoniae
1393 2261 1427 2312 sd
1446 2260 1625 2333 lipsiensern)
1644 2262 1883 2326 transmittantur,
1909 2270 1939 2314 ut
1961 2259 2065 2314 ibidem

1244 2345 1376 2397 sententia
1397 2345 1580 2416 concipiatur,
1599 2346 1749 2400 executioni
1770 2357 1858 2416 postea
1880 2345 1914 2399 ab
1938 2363 1987 2409 eo,
2019 2345 2065 2398 cui

1245 2446 1345 2482 merum
1373 2431 1439 2501 imp.
1464 2431 1616 2502 competit,
1641 2430 1737 2485 danda.
1754 2431 1821 2484 lude
1845 2430 1873 2484 in
1898 2430 1976 2484 eleet-
2002 2431 2065 2484 Sas.

1244 2513 1361 2566 abutitur
1379 2517 1441 2584 quis
1454 2533 1527 2568 mero
1548 2517 1677 2587 imperio,
1696 2517 1720 2569 si
1740 2518 1858 2584 neglecto
1877 2515 2012 2570 scabinatu
2031 2515 2065 2566 li·

1245 2603 1361 2669 psiensi,
1388 2604 1445 2671 ipse
1472 2602 1536 2656 ierat
1555 2601 1726 2655 sententiam.
1754 2601 1876 2670 Denique
1900 2603 1970 2654 circa
2004 2619 2063 2654 ruo·

1243 2684 1305 2736 darm
1326 2687 1453 2757 supplicii
1473 2689 1571 2738 alsusos
1588 2687 1746 2756 contingere
1764 2688 1838 2751 solet,
1857 2686 1881 2738 si
1900 2685 2066 2756 supplicium

1245 2771 1383 2824 remissius
1403 2772 1468 2836 illo,
1486 2771 1589 2841 quoda
1610 2771 1736 2825 laenitate
1754 2775 1794 2826 ael
1814 2771 1955 2826 scabinatu
1977 2769 2066 2826 dicta·

1245 2865 1300 2906 tum
1320 2857 1486 2910 substituere
1500 2857 1581 2912 vetit:
1601 2869 1678 2928 prout
1696 2875 1729 2910 es
1748 2859 1767 2910 l.
1784 2857 1965 2930 perspicienti.
1981 2855 2066 2925 tt.ff.

1241 2940 1275 2993 de
1291 2961 1373 3006 poen.
1400 2941 1520 2996 inlemnt
1545 2942 1590 2995 dd.
1616 2942 1762 2998 extendere
1786 2944 1894 2997 demum
1913 2946 1964 2998 hoc
1989 2941 2069 2999 modo

1241 3039 1333 3083 eontra
1352 3031 1496 3084 arbitrium
1517 3031 1700 3102 permittentis
1719 3049 1824 3086 merum
1852 3031 1920 3104 imp.
1948 3033 1979 3088 ad
2005 3035 2068 3088 illos

1241 3114 1362 3180 effectus,
1380 3118 1427 3185 qui
1448 3116 1515 3184 juris
1532 3117 1714 3186 aggratiandi,
1738 3117 1808 3188 quod
1841 3120 2007 3174 solummodo
2032 3121 2067 3173 ad

1241 3217 1395 3272 supremum
1416 3202 1603 3271 magistratum
1623 3211 1737 3272 spectat,
1753 3221 1806 3274 per
1820 3200 1840 3253 l.
1853 3201 2008 3274 diuisrntr.
2025 3215 2066 3257 ιι.

372 3289 422 3341 boc
440 3286 526 3339 citati.
544 3281 743 3339 iurisdictione
761 3279 868 3350 quidem
889 3279 917 3329 in
938 3279 1025 3348 specie
1051 3279 1091 3333 sic
1118 3281 1190 3336 dicta
1230 3287 1272 3358 ff.
1292 3286 1326 3339 de
1342 3305 1426 3355 poen.
1445 3288 1548 3358 proprii
1568 3296 1639 3339 sunt.
1658 3287 1743 3358 quue
1762 3305 1814 3340 non
1834 3287 1866 3340 ad
1886 3303 1984 3358 poenn
2003 3305 2063 3341 cor·

368 3373 496 3426 vassallus
513 3369 644 3431 abutitur,
664 3365 776 3420 subditis
791 3365 925 3434 justitiam
940 3363 1115 3434 denegando,
1129 3366 1191 3418 dum

363 3457 403 3510 rel
428 3472 537 3527 prorsus
549 3470 600 3506 non
615 3450 736 3504 admittit
752 3451 872 3519 querelas
892 3449 1004 3520 litesque
1023 3467 1131 3516 eurum,
1152 3451 1193 3506 rel

361 3541 476 3612 iniquas
497 3540 545 3594 lert
562 3537 718 3592 sententias:
739 3535 809 3587 nibil
827 3533 935 3586 obstare
951 3535 1046 3600 rideo,
1064 3553 1110 3590 cur
1130 3554 1190 3606 pro·

378 3635 439 3697 pter
456 3625 563 3677 abusum
583 3623 663 3674 istum
682 3619 869 3689 jurisdictione
887 3637 941 3671 non
961 3621 1048 3690 possit
1074 3623 1192 3690 privari.

364 3710 453 3776 nisi,
471 3707 655 3778 jurisdictione
674 3723 732 3758 eum
754 3704 931 3775 privandum,
951 3721 1004 3757 tion
1024 3704 1112 3758 leardo.
1130 3709 1189 3763 Non

367 3797 440 3847 enim
466 3793 558 3846 induci
578 3792 665 3862 potui,
686 3801 716 3843 ut
733 3807 870 3843 assensum
889 3791 1046 3859 praeberem
1059 3790 1102 3842 dd.
1124 3793 1189 3860 illis,

375 3879 420 3948 qui
439 3878 473 3931 cb
492 3878 646 3946 denegatam
666 3875 794 3944 justitiam
815 3875 953 3928 vassallum
976 3884 1031 3928 toto
1045 3876 1123 3933 leudo
1135 3881 1190 3950 pri·

366 3974 435 4017 rant.
457 3960 603 4015 Contraria
619 3961 720 4031 quippe
740 3961 871 4014 sententis
893 3978 946 4012 non
966 3959 1108 4032 benignior
1121 3967 1188 4018 mihi

376 4049 479 4112 solum,
499 4058 521 4101 ιι
541 4047 580 4098 sic
598 4046 637 4097 uti
658 4045 684 4096 in
705 4044 794 4098 dubiis
812 4063 862 4117 per
879 4045 897 4096 l.
913 4059 956 4098 ιι.
959 4045 1002 4114 ff
1017 4048 1050 4102 de
1061 4067 1084 4102 r.
1089 4069 1114 4124 J
1130 4069 1189 4123 cap.

376 4133 422 4188 ult.
440 4133 479 4186 Χ.
493 4133 526 4184 de
535 4149 624 4200 praes.
638 4130 673 4184 ita
691 4138 718 4183 ιι
737 4129 764 4182 in
784 4130 940 4200 poenalibus
962 4132 1096 4200 sequenda
1110 4153 1162 4202 per
1173 4138 1190 4190 1.

321 4247 323 4252 ·
368 4228 411 4271 ιι.
414 4215 456 4288 ff
471 4218 509 4272 de
520 4235 600 4289 poen.
611 4231 672 4284 cap.
692 4215 772 4268 ιι.Χ.
783 4215 815 4266 cle
826 4222 913 4266 coust.
924 4231 982 4281 cap.
997 4215 1191 4286 inpensiore.

368 4305 402 4357 de
426 4320 448 4355 ι.
455 4303 477 4371 1'.
490 4305 518 4356 ia
541 4313 602 4368 cto;
626 4303 671 4355 sed
691 4311 720 4355 et
737 4301 856 4368 justitiae
875 4300 974 4368 regulis
992 4305 1193 4360 convenientior

375 4389 440 4450 sisa,
460 4405 506 4458 per
524 4405 570 4450 ea,
589 4404 655 4456 quae
671 4404 698 4439 n.
721 4397 763 4437 ts.
782 4385 903 4439 adducta.

410 4475 527 4545 Quando
542 4485 627 4526 antem
647 4476 773 4528 vassallus
792 4477 980 4544 jurisdictione
1001 4477 1074 4530 abuti
1099 4474 1192 4530 dicen-

375 4559 423 4612 dus
448 4559 483 4612 sit
503 4559 657 4629 ecquidem
678 4557 788 4621 effectu,
807 4568 836 4612 ut
855 4578 883 4612 ea
903 4561 1004 4630 privari
1022 4560 1129 4630 possit,
1149 4559 1193 4611 de·

369 4643 516 4698 terminare
533 4641 640 4712 quidem
660 4653 769 4696 conatur
788 4644 919 4696 Rosentb.
933 4645 965 4698 de
977 4641 1120 4716 jur.seud.
1133 4662 1192 4714 cap.

370 4742 411 4783 to.
429 4729 514 4784 conci·
533 4741 574 4781 ss.
590 4747 617 4780 ιι.
634 4739 665 4780 ιο
688 4743 762 4798 seqq.
781 4727 863 4798 idque
881 4730 913 4781 ad
935 4727 1133 4796 denegationem
1152 4732 1192 4798 ju-

368 4819 458 4872 stitiae
490 4834 543 4868 non
564 4813 667 4866 duobus
686 4814 728 4866 rel
748 4815 850 4879 tribus,
871 4813 915 4868 s'ed
935 4817 976 4869 rel
997 4815 1122 4867 omnibus
1146 4827 1191 4868 aut

367 4903 472 4956 senatui
494 4901 693 4953 universitatem
713 4899 938 4969 repraesentanti,
957 4901 996 4952 rel
1015 4915 1123 4966 maguae
1147 4911 1191 4952 aut

367 4988 462 5056 aaajori
484 4988 569 5056 parti,
590 4987 629 5040 rel
649 4986 786 5040 medietati
799 4985 913 5038 iactam:
926 5004 1016 5040 acrum
1030 4985 1142 5056 quilibet
1156 4985 1190 5040 ia·

367 5073 419 5127 eile
429 5071 520 5134 ridet,
535 5089 612 5136 quam
628 5073 730 5124 itscerta
742 5073 804 5124 baec
817 5073 854 5124 sit
866 5071 1055 5126 determinatio
1069 5083 1096 5126 et
1107 5089 1193 5142 quan·

369 5173 460 5229 tupere
476 5158 605 5224 fluctuet,
627 5157 708 5212 tutius
721 5168 748 5210 et
761 5156 790 5208 id
802 5156 942 5227 prudentis
958 5157 1056 5227 judicis
1076 5143 1194 5211 arbitrio

372 5243 573 5312 relinquendum
593 5259 650 5296 esse
668 5259 772 5294 censeo.

327 5381 331 5400 ‚
406 5329 475 5382 Meri
495 5326 618 5398 imperii,
637 5329 710 5395 cnjus
728 5325 843 5378 maxima
862 5323 902 5396 vis¹
914 5323 942 5378 iu
955 5325 1112 5378 executione
1127 5342 1187 5378 con·

376 5413 464 5478 sistit,
483 5425 558 5482 atque
576 5427 623 5481 per
643 5411 692 5462 boc
709 5429 723 5462 a
742 5408 933 5478 jurisdictione
951 5409 981 5460 in
994 5409 1083 5478 speeie
1095 5407 1134 5462 sic
1147 5410 1188 5461 di-

371 5513 425 5564 cta,
442 5517 509 5572 quae
529 5495 720 5566 principaliter
736 5495 807 5547 circa
828 5493 1009 5562 cognitionem
1027 5509 1118 5546 causae
1130 5511 1187 5546 rer·

1241 3374 1314 3444 poris
1333 3370 1478 3426 aiilietirus
1497 3373 1582 3424 solnm
1609 3372 1832 3440 restringendum
1858 3382 1940 3443 puto,
1963 3371 2010 3425 sed
2038 3381 2066 3426 st

1241 3458 1324 3522 atissa
1343 3467 1371 3510 et
1389 3457 1512 3526 quamvis
1530 3455 1577 3508 dn.
1598 3458 1689 3511 Strur.
1708 3457 1736 3511 in
1752 3455 1867 3527 jurispr.
1886 3473 1956 3510 reru·
1978 3473 2067 3527 germ.

1241 3542 1259 3595 l.
1282 3554 1306 3595 s.
1327 3542 1371 3594 tit.
1392 3553 1433 3593 ιι.
1454 3547 1476 3604 ς.
1497 3553 1521 3593 ι.
1540 3549 1624 3610 putet,
1639 3543 1827 3610 relegationem
1841 3541 1873 3594 ab
1887 3559 1927 3604 eo,
1939 3542 1984 3612 qui
1997 3543 2065 3612 imp.

1241 3643 1344 3680 merum
1364 3626 1460 3689 babet,
1474 3625 1502 3678 in
1517 3626 1596 3680 aliam
1609 3625 1709 3696 absque
1720 3627 1868 3697 superioris
1882 3627 1989 3680 indulto
2002 3645 2067 3681 eon·

1239 3713 1307 3766 serti
1327 3729 1413 3783 posse,
1432 3729 1487 3764 non
1507 3721 1593 3764 tamen
1614 3710 1690 3766 aideu
1710 3714 1790 3766 ullam
1809 3713 1894 3783 quoad
1913 3715 1955 3782 jus
1973 3733 2066 3782 aggra-

1242 3799 1331 3853 tiandi
1349 3799 1420 3852 cirea
1440 3813 1538 3870 poenas
1556 3795 1756 3861 differentiam,
1769 3807 1861 3851 utnon
1874 3815 1957 3867 aeque
1973 3815 2068 3850 omnes

1240 3883 1290 3936 sub
1308 3881 1442 3950 objectum
1462 3884 1518 3951 ejus
1537 3881 1638 3934 cadant.
1667 3881 1725 3934 Hoc
1752 3891 1840 3936 tamen
1866 3883 1981 3934 cautelae
2007 3885 2065 3936 toeo

1239 3965 1429 4019 cornmeudant
1448 3965 1492 4017 dd.
1514 3975 1544 4018 nt
1562 3969 1585 4018 si
1606 3964 1676 4019 iorte
1693 3965 1780 4020 rideat
1797 3965 1873 4035 quis,
1900 3963 2028 4019 delictum
2050 3986 2065 4018 a

1241 4051 1367 4114 subdito,
1386 4068 1466 4119 quem
1485 4050 1535 4104 sub
1554 4069 1599 4104 sua
1618 4049 1808 4118 jurisdictione
1828 4051 1944 4103 retinere
1969 4051 2066 4126 cupit,

1241 4136 1339 4190 mereri
1359 4137 1564 4204 relegationem,
1585 4136 1613 4189 lo
1632 4148 1751 4190 eventum
1772 4136 1889 4188 consulat
1914 4133 2065 4188 laenitatem

1241 4223 1282 4276 rel
1300 4221 1480 4285 scabinatum,
1500 4237 1589 4272 annon
1609 4237 1692 4290 poena
1711 4221 1882 4289 relegationis
1893 4219 1921 4272 ia
1937 4221 2063 4273 mulctam

1241 4305 1359 4358 conserti
1379 4304 1472 4376 possit.
1492 4307 1549 4356 Hoc
1563 4303 1635 4356 enirn
1654 4311 1730 4374 pacto
1741 4321 1794 4358 non
1809 4306 1988 4376 remissiorem
2004 4323 2064 4376 poe·

1242 4405 1301 4440 nam
1323 4389 1503 4454 substituere,
1522 4396 1548 4439 et
1566 4389 1625 4456 jure
1645 4405 1690 4441 suc
1707 4388 1781 4440 abuti
1801 4388 1855 4439 dici
1876 4389 2063 4460 poterit,dum

1241 4490 1275 4525 ex
1293 4473 1451 4542 aequalibus
1471 4472 1569 4542 poenis
1588 4473 1698 4525 alteram
1725 4473 1810 4542 eligit.
1830 4473 1965 4526 l’nblieata
1990 4475 2063 4526 enim

1243 4557 1377 4610 sententia
1398 4558 1565 4626 simpliciter
1577 4557 1766 4625 relegationem
1781 4558 1897 4612 dictante
1910 4558 2005 4612 cilicio
2017 4577 2064 4612 suu

1242 4639 1348 4694 iunctus
1365 4653 1407 4696 est
1426 4645 1613 4710 magistratus,
1626 4643 1668 4694 cni
1682 4653 1786 4695 mutare
1800 4661 1873 4696 suam
1888 4645 2062 4705 senteutiam,

1242 4736 1269 4779 ιι
1288 4735 1436 4794 temperare
1455 4743 1567 4796 poenam
1588 4728 1667 4779 sentel
1686 4727 1812 4780 dictatam
1838 4731 1894 4797 jura
1921 4746 1974 4780 non
2003 4747 2062 4799 per-

1239 4809 1371 4870 mittunt;
1391 4809 1435 4861 sed
1455 4810 1505 4862 boc
1523 4809 1556 4862 ad
1575 4818 1709 4864 reservata
1728 4809 1876 4880 superioris
1894 4811 2063 4880 magistratus

1241 4893 1338 4944 merito
1358 4891 1538 4947 referendum.

1276 4976 1395 5030 Alterum
1413 4979 1444 5032 in
1460 4997 1512 5049 quo
1530 4996 1580 5051 per
1598 4981 1784 5034 investituram
1803 4984 1915 5036 vassallo
1929 4985 1971 5052 jus
1985 4985 2040 5054 ple·
2104 4994 2141 5044 a,

1240 5080 1352 5133 rumque
1370 5068 1523 5134 quaeritur,
1541 5073 1584 5117 ιιι
1596 5067 1718 5129 venatio,
1732 5085 1782 5138 qua
1795 5070 1922 5120 vassallus
1934 5067 2062 5134 abutitur,

1240 5149 1278 5200 rel
1300 5148 1456 5213 remissius,
1475 5151 1515 5203 rel
1536 5147 1700 5218 frequentius
1720 5155 1791 5220 justo
1815 5169 1875 5206 earn
1899 5151 2061 5206 exercendo.

1241 5233 1331 5286 Priori
1350 5251 1430 5300 casu,
1449 5235 1554 5304 quando
1572 5235 1607 5286 ob
1626 5235 1808 5289 intermissam
1822 5246 1847 5289 ιι
1858 5237 2004 5306 neglectam
2019 5254 2062 5289 aa·
2103 5255 2136 5294 ss

1239 5318 1374 5370 nationem
1395 5319 1510 5371 ferarum
1529 5335 1656 5372 numerus
1673 5320 1702 5370 io
1716 5329 1818 5372 tantuna
1844 5331 1935 5374 auctus
1958 5330 2009 5385 est,
2034 5331 2064 5374 ut

1238 5401 1356 5454 enormia
1374 5400 1439 5454 inde
1457 5403 1576 5456 subditis
1593 5414 1619 5457 ιι
1638 5401 1718 5456 leudo
1748 5404 1888 5476 contingat
1911 5403 2061 5458 deteriora·

1240 5486 1293 5552 tio,
1312 5488 1455 5539 vassallum
1474 5499 1527 5542 toto
1545 5487 1624 5544 fendo
1647 5491 1745 5562 prisari
1765 5509 1843 5561 posse
1866 5509 1880 5544 ι
1913 5495 1996 5548 Ζοιιι.
2022 5506 2052 5546 ιι.

373 5595 466 5648 satur,
486 5581 594 5648 diiiert,
613 5582 631 5633 l.
648 5577 714 5648 sff.
727 5580 759 5631 de
767 5577 865 5646 jurisd.
881 5575 985 5628 dhusus
998 5593 1051 5627 non
1066 5577 1093 5626 in
1106 5577 1186 5627 emit·
1236 5573 1269 5625 de
1281 5573 1364 5643 dupli.
1384 5585 1478 5626 venat.
1499 5593 1525 5626 a.
1546 5587 1589 5629 ts.
1608 5585 1635 5629 et
1654 5587 1697 5631 tt.
1718 5573 1886 5641 affirmatorr
1907 5579 1951 5630 nbi
1972 5589 2059 5632 tameo

370 5664 448 5722 tendo
467 5677 581 5730 tontum,
603 5665 647 5718 sed
666 5675 691 5716 et
710 5660 901 5714 committendo
919 5659 1139 5730 deprehettdititr;
1157 5660 1187 5712 il·

1239 5676 1292 5710 aon
1312 5657 1506 5712 eacltsdendum
1526 5659 1622 5730 judicis
1636 5663 1777 5716 arbitrium
1794 5662 1820 5714 iu
1832 5663 1997 5717 aestimanda
2010 5665 2060 5716 eul-

371 5757 412 5817 le,
431 5753 493 5825 qaia
516 5751 600 5822 magis
617 5751 650 5804 ad
670 5764 722 5804 non
740 5764 815 5801 usum
834 5745 902 5814 juris
919 5745 1032 5817 quaesiti
1054 5747 1184 5818 pertinet,
1234 5761 1268 5814 ps
1282 5753 1307 5797 et
1320 5743 1481 5816 negligentis
1495 5747 1615 5817 vassalli;
1628 5748 1731 5818 pariter
1742 5763 1844 5820 quoque
1857 5749 1990 5820 praeviam
2004 5767 2059 5802 mo·
