4476 6274
189 330 214 368 r.
223 309 249 384 j.
262 315 291 368 in
302 307 357 366 bto.
369 309 523 380 Tiraquell.
537 321 572 368 tr.
585 306 623 364 de
634 325 713 382 poen.
731 317 844 376 tempor.
862 319 941 359 cuns.
961 303 1006 356 51.

121 400 152 468 57
188 415 220 452 tt·
236 395 263 450 3.
275 405 301 449 et
312 395 704 465 utquisqueestriroptimus,
716 393 753 446 ita
768 387 1008 442 difficillimealios

190 479 331 552 improbos
343 497 402 534 esse
414 480 579 548 suspicetur.
591 478 698 542 Teceo,
717 473 791 542 quod
810 489 861 543 per
875 473 1009 541 intempe-

189 565 292 619 stivum
305 573 330 618 et
343 563 520 618 temerarium
531 562 684 633 judicium,
701 575 758 630 quo
770 558 841 610 alius
852 555 881 608 in
895 558 1010 610 alterius

808 207 859 264 DE
877 201 1099 265 susttctottts
1119 202 1263 258 innota.

1775 225 1827 276 7¹⁰

1061 316 1121 366 mo,
1135 299 1157 354 si
1172 317 1226 352 oon
1241 309 1279 354 est
1296 299 1387 353 animo
1405 310 1431 355 et
1443 303 1544 358 affectu
1559 305 1633 360 malo
1645 305 1810 377 descendat,
1828 325 1880 380 pro

1062 400 1093 438 rc
1105 395 1164 438 nata
1178 384 1323 454 suspiciari
1338 386 1445 440 licitum
1465 406 1523 442 esse
1540 390 1575 443 sit
1593 389 1750 447 dicendum.
1773 395 1884 464 Spectat
1919 388 1955 442 53

1062 469 1118 522 buc
1132 470 1362 540 elegantissimum
1380 472 1531 530 doctissimi
1549 477 1621 545 regis
1639 477 1764 547 Angliae
1784 479 1883 533 Jacodi

1063 559 1212 621 monitum,
1232 556 1263 610 in
1281 553 1357 610 clorso
1375 559 1456 628 regio
1481 559 1518 613 od
1529 559 1623 626 filium
1645 561 1794 616 Henricurn
1813 559 1882 616 edit.

188 648 290 702 lamam
309 657 334 701 et
353 648 436 701 vitam
454 665 505 717 per
520 647 706 717 suspicionem
725 642 858 712 inquirit,
879 641 928 692 iila
954 657 1008 692 non
1053 640 1267 712 franceyitrton.
1283 656 1350 714 pag.
1370 637 1415 712 67.
1435 642 1510 710 quud
1530 645 1566 696 ita
1583 659 1612 696 se
1630 643 1725 700 habete
1741 643 1886 719 praecipue

187 729 486 793 urbicremarum,
501 746 563 782 cum
581 727 652 782 lacta
671 727 761 797 ipsius
780 727 810 777 iu
827 725 927 778 maiam
947 739 1011 794 par-

189 828 245 872 tem
268 814 454 884 accipiantur,
473 811 628 882 dequibus
652 812 731 864 nollo
748 810 830 862 lirum
851 818 1012 878 argumento

190 909 310 964 constat,
324 909 416 954 utrum
429 897 480 952 sint
496 899 582 958 malas
596 896 671 966 quod
685 905 760 949 certe
776 895 871 948 sitium
883 891 1012 946 adeolre·

191 1000 296 1054 quens,
309 990 338 1034 ut
351 979 540 1052 chrysostom.
552 980 649 1034 domil.
663 979 689 1030 5.
702 977 733 1032 in
752 993 811 1046 cap.
830 990 857 1027 a.
876 977 956 1046 epist.
977 975 1015 1030 al

192 1089 301 1127 maron.
316 1066 433 1136 scribat,
452 1082 507 1120 ocu
520 1063 602 1118 facile
622 1064 739 1133 reperiri
753 1077 917 1130 quemquam
933 1058 1014 1128 brrjus

121 1147 157 1202 58
195 1153 299 1210 erroris
313 1159 466 1220 expertem,
484 1150 627 1206 &aterum
645 1145 778 1217 quiequid
798 1144 898 1197 borum
917 1144 967 1210 sit,
990 1153 1015 1196 et

195 1241 224 1294 iu
241 1239 331 1292 ritum
342 1236 446 1290 bonnus
460 1233 569 1304 passive
580 1231 767 1302 suspicionem
786 1228 886 1281 cadere
899 1228 1013 1280 omuino

195 1321 340 1382 existimor
355 1319 503 1372 lieetcnim
517 1316 607 1370 bonus
618 1315 897 1385 quispraesumatur,
910 1328 963 1363 non
978 1321 1014 1364 ta·

194 1421 256 1458 men
275 1403 365 1457 statim
384 1389 569 1473 praesumitur
593 1401 727 1469 optimus,
746 1395 830 1451 Surd.
848 1397 951 1452 consil.
970 1394 1015 1446 ut.

191 1506 255 1560 pag.
269 1487 333 1540 aba.
347 1506 377 1542 n.
391 1487 437 1540 ab.
450 1487 506 1538 Dn.
519 1484 545 1535 d.
559 1485 690 1538 Becroan.
703 1479 777 1538 doct.
791 1499 859 1537 mor.
872 1498 931 1551 cop.
941 1479 1015 1534 aet.

196 1571 239 1626 ab.
255 1575 284 1626 in
295 1577 350 1644 fin.
364 1584 392 1624 et
403 1570 442 1624 tlt.
455 1585 502 1623 no.
516 1568 582 1622 ibid.
594 1565 693 1621 dictat.
711 1579 768 1635 reg.
790 1563 816 1616 3.
828 1580 919 1632 proes.
939 1577 966 1614 a.
986 1580 1015 1614 n.

195 1677 225 1730 q.
234 1657 268 1710 Et
282 1657 346 1708 licet
358 1655 479 1725 optimus
492 1668 602 1722 quoque
622 1651 683 1720 quis
703 1658 910 1720 praesumatur,
928 1656 1017 1700 tamen

196 1742 247 1794 boc
260 1738 331 1794 cedit
345 1737 471 1804 veritati,
492 1755 552 1809 arg.
567 1737 587 1788 l.
603 1736 802 1808 nupturafilio·
820 1735 862 1803 57.
869 1731 910 1802 ff
921 1730 1017 1802 dejur.

195 1821 254 1880 dor.
266 1821 375 1877 Cardia.
391 1817 496 1872 Tuscb.
506 1831 595 1889 pruct.
607 1818 696 1873 conci.
710 1818 755 1870 lit.
771 1835 799 1885 p.
819 1817 941 1873 conclus.
955 1811 1018 1868 baa.

124 1899 160 1970 ⁵9
197 1906 280 1962 Unde
292 1906 315 1960 si
327 1905 428 1960 talibus
441 1903 519 1957 lactis
532 1921 562 1956 se
574 1903 699 1972 implicet
709 1900 813 1964 bonus,
835 1913 905 1967 qnae
920 1899 1019 1952 illicita

197 2003 275 2060 aunt,
286 2007 342 2043 non
355 1983 458 2061 poterit
470 1989 590 2058 amplius
607 1987 673 2038 boui
693 1983 947 2055 praesumptionem
966 2000 1022 2035 me·

198 2077 273 2141 reri,
286 2073 333 2127 sed
351 2074 380 2125 in
399 2071 571 2124 menifestum
584 2087 614 2123 se
626 2069 742 2136 coniicit
760 2067 967 2138 suspicionem,
987 2083 1022 2119 ex

196 2177 252 2232 quo
271 2159 361 2212 oritur
384 2156 571 2228 praesumptio
590 2153 737 2223 specialis,
755 2167 828 2220 quae
845 2165 955 2220 semper
974 2167 1025 2220 po·

196 2246 300 2299 teotior
313 2253 352 2298 est
366 2241 590 2313 praesumptione
603 2235 744 2306 generali,
760 2252 814 2303 qua
830 2235 949 2303 quisque
960 2249 1025 2286 cen·

196 2345 273 2386 aetur
286 2333 389 2394 bonus,
405 2344 466 2398 org-
481 2327 500 2379 l.
516 2321 606 2383 diuus.
624 2320 695 2394 pffi
707 2315 787 2374 dein
800 2322 883 2389 integ.
896 2320 987 2374 restit.
1001 2337 1023 2376 c.

199 2415 282 2470 illud.
300 2431 342 2468 rr.
355 2414 392 2465 Χ.
405 2405 443 2464 de
452 2420 622 2478 praesumpt.
642 2404 718 2474 quod
737 2413 762 2456 et
781 2405 809 2454 in
831 2402 1026 2456 criminalibus

200 2499 369 2569 procedere,
382 2493 482 2548 docent
494 2491 580 2544 boor.
592 2490 678 2544 decis.
696 2487 758 2554 rbi.
776 2487 906 2542 Farioac.
921 2485 984 2543 libr.
1002 2505 1026 2544 t.

198 2583 297 2638 consil·
311 2577 454 2634 criminol.
470 2593 513 2628 rr.
528 2595 558 2630 n·
573 2589 600 2628 a.
613 2571 704 2627 Nemo
723 2572 796 2625 enim
810 2581 886 2624 certe
904 2569 1027 2641 perfecte

200 2667 288 2720 bonos
302 2663 455 2734 reperitur,
471 2675 551 2712 nemo
560 2668 599 2712 est
609 2699 616 2726 ,
625 2658 672 2726 qui
684 2672 740 2708 non
749 2667 844 2709 contra
857 2656 972 2726 aliquod
984 2655 1027 2707 di·

202 2755 297 2806 ainum
309 2757 487 2822 praeceptum
500 2745 650 2814 impingat,
663 2751 708 2796 aut
722 2742 843 2810 alicujus
854 2757 884 2794 ae
898 2757 975 2793 reum
988 2740 1029 2792 la-

199 2839 272 2904 ciat,
287 2852 350 2890 cum
364 2832 409 2886 rel
422 2831 474 2903 ipai
488 2827 652 2882 sanctissimi
667 2827 719 2880 riri
734 2841 788 2876 non
808 2825 867 2876 sine
890 2823 951 2876 labe
970 2823 1028 2878 ine·

203 2921 272 2988 rint,
285 2917 361 2989 quod
374 2915 504 2986 exemplo
524 2910 672 2966 Abrabami
681 2949 689 2976 ,
705 2909 837 2975 Doridis,
852 2909 1028 2976 aliorumque

199 3015 357 3060 unctorum
372 3001 464 3055 multis
477 2998 598 3071 probare
612 2997 719 3050 liceret.
727 2994 844 3050 Utadeo
853 2993 1027 3046 rarissimum

201 3093 236 3147 ait
249 3089 324 3159 quod
345 3085 455 3142 comto.
471 3087 535 3141 libr.
555 3079 580 3136 b.
600 3099 627 3153 p.
648 3080 710 3134 abb.
735 3079 822 3132 literis
844 3077 1026 3147 consignaritr

199 3191 295 3230 omnes
311 3170 433 3245 preffecte
450 3169 573 3224 omnium
592 3179 741 3236 temporum
760 3175 902 3219 senatores
920 3177 955 3214 ae
974 3161 1030 3217 oiri

198 3267 391 3331 praestantes,
413 3253 461 3324 qui
489 3253 535 3308 uel
546 3252 666 3325 suerunt
684 3247 853 3323 aliquando,
877 3248 925 3304 nel
945 3243 1028 3300 docile

201 3349 285 3408 sunt,
303 3347 445 3405 errarunt,
471 3349 498 3392 et
516 3353 597 3409 saepe
614 3351 707 3391 errare
722 3340 838 3402 possunt
853 3339 938 3406 atque
955 3335 1026 3390 lodi.

202 3421 266 3478 non
279 3423 385 3486 dicam,
398 3419 472 3491 quod
487 3419 538 3472 bac
552 3418 659 3472 ratione
670 3417 748 3469 nulla
760 3417 864 3484 injuria
877 3417 922 3469 fiat
935 3420 1028 3488 proxi·

204 3525 267 3574 mo,
280 3521 331 3557 nec
344 3503 466 3558 notabile
477 3503 606 3556 damnum
616 3501 669 3571 ipsi
679 3499 826 3562 inferatur,
844 3498 892 3551 sed
905 3501 1028 3569 suspicio

205 3592 301 3649 saltem
316 3586 558 3661 exprobabilibus
578 3585 689 3640 iudiciis
703 3587 811 3640 oriatur
829 3603 915 3656 penes
933 3587 1028 3655 iilum,

203 3677 251 3749 qui
264 3685 373 3749 paratus
387 3673 490 3744 corrigi
506 3682 531 3727 et
543 3671 671 3741 linquere
684 3669 885 3739 suspicionem,
905 3669 952 3722 ubi
972 3685 1028 3723 nae·

205 3761 259 3814 lius
275 3777 332 3814 rem
347 3755 585 3824 animaduerterit,
604 3765 629 3810 ct
648 3753 682 3806 de
695 3756 750 3809 tite
764 3755 878 3808 alterius
891 3753 974 3810 luerit
985 3758 1028 3809 in.

205 3845 352 3906 formatusr
368 3844 424 3895 imo
444 3841 579 3910 ejusmodi
600 3839 775 3910 suspiciones
791 3855 824 3891 ea
847 3838 967 3892 humano
986 3858 1028 3896 ee·

206 3946 273 3984 rore
285 3927 468 4000 procedentes
480 3941 640 3978 communes
650 3926 717 3978 airis
730 3929 809 3980 etiam
823 3926 936 3996 probis,
949 3932 1028 3998 etqui

208 4021 347 4085 reputaret
361 4029 406 4064 eas
420 4029 472 4083 pro
491 4011 568 4082 grari
589 4009 707 4078 injurio,
726 4010 896 4064 irrationalis
916 4013 1028 4066 omuino

209 4109 292 4166 asset,
306 4108 332 4152 et
344 4097 373 4149 iu
386 4095 495 4148 bonore
509 4111 560 4147 suo
574 4093 675 4147 tuendo
688 4093 807 4162 nimios,
818 4104 879 4147 suot
889 4095 974 4148 rerba
982 4096 1030 4148 do-

209 4183 321 4239 ctissimi
335 4182 495 4251 bagaudas.
514 4180 545 4234 in
563 4179 590 4232 8.
608 4193 746 4250 praecept.
766 4182 855 4236 dmol.
874 4181 938 4235 libr.
957 4178 984 4234 b.
1004 4199 1029 4238 c.

212 4283 256 4322 st.
270 4289 300 4325 n.
318 4267 360 4320 18.
372 4281 400 4322 et
410 4283 487 4337 seqq.
500 4263 575 4316 llaec
588 4274 677 4318 tamen
691 4267 782 4316 omnia
797 4273 909 4317 eatenus
923 4263 1030 4317 intelle·

208 4364 250 4410 cta
264 4355 344 4422 eolo,
355 4362 490 4424 quatenus
503 4365 558 4401 non
569 4365 602 4402 ex
611 4351 762 4404 temeritate
775 4358 800 4402 et
813 4347 914 4402 affectu
927 4364 1031 4420 prato,

208 4439 304 4492 sedes
318 4437 448 4510 legitimis
461 4434 572 4488 indiciis
591 4436 753 4505 provenerit
771 4436 908 4506 suspicio,
926 4435 1030 4488 namsi

209 4539 244 4576 ex
257 4524 360 4578 malitia
373 4531 420 4575 aut
431 4520 624 4588 intempestivo
637 4519 699 4571 celo
710 4519 824 4572 alterins
837 4517 921 4571 vitam
935 4528 962 4571 et
973 4535 1036 4571 mc·

207 4624 268 4672 res,
284 4607 329 4660 cni
338 4607 404 4659 alias
417 4604 489 4659 nihil
505 4605 632 4674 imputari
646 4611 753 4675 potest,
765 4605 829 4671 quis
841 4606 1032 4662 examinareet

209 4695 246 4747 ita
259 4693 290 4745 in
301 4691 488 4761 suspicionem
507 4689 644 4742 deducere
664 4688 780 4758 gaudet,
799 4690 858 4759 ipse
878 4690 976 4758 majori
995 4691 1033 4742 la·

209 4777 289 4831 borat
306 4777 479 4848 suspicione,
499 4788 580 4843 quaro
608 4774 745 4843 integrum
764 4773 789 4826 ei
808 4773 857 4838 sit,
878 4775 989 4827 curiose
1007 4785 1034 4830 et

209 4869 388 4934 praepostere
402 4861 428 4914 in
442 4863 603 4934 proximum
617 4859 770 4926 inquirere.
785 4861 861 4911 Haec
878 4867 903 4910 et
916 4860 1033 4926 similia,

211 4963 282 5015 quas
297 4962 331 4998 ex
347 4946 492 5000 temerario
511 4955 538 4998 et
557 4957 643 5015 prnro
662 4939 761 4994 affectu
781 4957 845 5011 erge
864 4941 969 5012 probos
987 4942 1035 4996 de·

1063 739 1156 783 autem
1166 725 1342 796 prudentiam
1354 725 1470 791 adlrlde,
1489 738 1519 780 ut
1537 730 1710 782 columniam
1725 725 1885 801 distinguas

1064 831 1082 866 a
1095 828 1170 865 uero.
1184 811 1312 864 Primam
1325 808 1419 882 itaque
1430 811 1563 866 delatoris
1581 813 1725 884 ingenium
1742 814 1887 885 inspicies:

1065 893 1168 954 deinde
1179 895 1245 968 quid
1254 897 1313 968 ejus
1333 895 1446 950 intersit
1463 893 1585 950 condicio
1603 899 1696 964 illius,
1715 915 1796 968 quem
1814 899 1889 953 detu-

1066 980 1112 1044 lit,
1123 995 1251 1050 prospera
1265 981 1313 1036 vel
1324 979 1456 1043 aduersa,
1468 991 1527 1033 tunt
1540 975 1609 1050 quid
1622 999 1655 1034 ec
1669 981 1699 1034 in
1712 997 1745 1036 re
1761 981 1799 1034 sit
1816 982 1889 1040 veri·

1065 1064 1207 1118 similius:
1219 1065 1337 1133 denique
1351 1080 1437 1116 mores
1450 1076 1477 1138 et
1492 1063 1583 1117 uitam
1602 1063 1698 1128 illius,
1717 1063 1786 1134 quid
1801 1065 1888 1136 deser·

1067 1156 1120 1202 tur.
1134 1149 1315 1202 susurronem
1333 1161 1362 1200 et
1378 1148 1524 1216 garrulum
1543 1147 1568 1200 si
1590 1146 1746 1211 inveneris,
1765 1145 1833 1217 ejice
1850 1165 1887 1204 ese

1068 1232 1194 1286 oedibus.
1212 1232 1251 1285 Et
1268 1249 1436 1302 quemquam
1455 1229 1529 1284 illud
1547 1230 1724 1284 verissimum
1744 1233 1799 1297 sit,
1817 1231 1889 1288 nibil

1067 1333 1197 1384 stagnum
1204 1333 1224 1368 o
1227 1315 1397 1386 principibus
1405 1316 1511 1386 absque
1518 1314 1713 1368 taciturnitate
1722 1315 1787 1380 fieri
1796 1328 1890 1387 ,prae-

1066 1408 1124 1454 stot
1136 1412 1229 1454 tomen
1248 1415 1328 1469 saepe
1341 1417 1454 1454 numero
1464 1399 1633 1454 deletionem
1647 1409 1786 1466 recalere,
1806 1417 1891 1473 quarn

1067 1486 1242 1540 credulitatis
1262 1487 1328 1545 vitio
1346 1485 1416 1540 ciros
1436 1486 1532 1554 probos
1550 1486 1754 1556 suspicionibus
1770 1487 1889 1542 loedere.

1069 1573 1143 1624 Nom
1163 1589 1224 1624 cum
1242 1582 1424 1642 tyrannorum
1450 1571 1558 1624 morbus
1570 1571 1612 1626 sit
1632 1571 1772 1640 suspicio,
1792 1589 1892 1644 aegrae

1069 1654 1255 1709 conscientiae
1272 1667 1417 1726 syntoma,
1441 1661 1469 1708 tu
1489 1657 1581 1724 potius
1599 1655 1630 1709 in
1647 1660 1768 1712 alterum
1785 1669 1893 1726 purtem

1068 1751 1195 1805 peccato,
1214 1749 1245 1792 ut
1265 1737 1404 1792 nerninem
1423 1750 1580 1808 suspectum
1601 1739 1721 1808 lmdeas,
1740 1742 1789 1811 qui
1813 1743 1894 1796 nullo

1069 1818 1209 1894 ‘jusmodi
1220 1821 1336 1876 crimine
1353 1839 1478 1892 uuquam
1494 1833 1608 1880 notatus
1616 1823 1690 1894 suit.
1712 1824 1764 1878 din
1785 1825 1893 1880 lubrico

1071 1906 1190 1962 lerninis
1201 1905 1272 1976 fides
1291 1916 1357 1958 onte
1376 1906 1407 1959 id
1421 1921 1560 1978 comperta
1580 1914 1634 1973 est,
1650 1917 1708 1961 turn
1728 1925 1789 1962 cero
1803 1909 1895 1980 priore

1074 1991 1193 2044 monitus
1206 1987 1378 2056 experientia
1389 1989 1442 2042 tibi
1450 1991 1607 2061 prospicite·
1615 1990 1782 2061 Exemplum
1793 1991 1841 2046 ubi
1849 2009 1896 2048 su·
1930 1987 1966 2058 64

1073 2073 1245 2146 spicionibus
1258 2075 1372 2126 nimium
1390 2073 1542 2142 indultum,
1561 2077 1667 2149 duplex
1687 2090 1810 2135 recenset
1828 2097 1896 2152 prn-

1075 2158 1249 2212 deutissimos
1261 2160 1426 2213 Cominaens
1437 2161 1472 2212 de
1483 2159 1626 2216 Ludorico
1641 2165 1699 2234 ejus
1711 2165 1833 2219 nominis
1845 2165 1893 2224 xl.

1076 2241 1231 2296 Galliarum
1251 2260 1331 2314 rege:
1351 2259 1403 2296 rex
1420 2243 1564 2299 Turonum
1585 2263 1715 2302 reversus
1732 2246 1847 2303 abdebat
1865 2269 1896 2304 se

1077 2337 1179 2394 totum,
1191 2327 1449 2398 etcoospioiebator
1463 2348 1476 2381 a
1491 2334 1601 2400 paucis,
1615 2331 1897 2388 etdeornnibnamale

1078 2413 1212 2482 suspicari
1224 2413 1333 2482 coepit,
1346 2423 1373 2466 et
1384 2431 1552 2484 magnopere
1571 2416 1725 2484 metuebat,
1737 2433 1772 2472 ne
1784 2416 1836 2471 sibi
1852 2420 1896 2472 rel

1077 2497 1245 2551 adimeretur
1260 2497 1420 2568 imperium,
1434 2500 1479 2553 rel
1489 2497 1701 2555 imminueretur
1709 2501 1897 2574 potestaslta·

1078 2598 1133 2652 que
1145 2597 1209 2634 suos
1229 2580 1379 2636 familiares
1391 2600 1486 2636 omnes
1502 2601 1559 2636 ase
1573 2587 1705 2640 removit:
1725 2586 1759 2638 de
1776 2584 1895 2639 fortunis

1080 2676 1168 2718 autem
1183 2665 1296 2718 illorum
1316 2665 1387 2717 nibil
1406 2666 1537 2731 detraxit,
1557 2676 1582 2721 et
1600 2667 1650 2735 iis,
1671 2667 1795 2736 quitum
1813 2669 1899 2739 ipsios

1079 2751 1200 2802 actiones
1209 2748 1397 2816 intuebantur,
1408 2749 1553 2804 ridebatur
1564 2767 1623 2803 esse
1632 2767 1816 2820 parumsenae
1824 2768 1898 2806 meu·

1078 2837 1127 2890 tis:
1142 2850 1238 2888 rerum
1252 2835 1294 2888 isti
1309 2834 1493 2900 fallebantur,
1513 2847 1605 2902 neque
1617 2833 1681 2887 satia
1694 2845 1826 2889 noverant
1841 2835 1900 2904 ejus

1079 2921 1230 2990 ingenium.
1243 2919 1311 2972 Nam
1330 2919 1363 2970 ad
1376 2918 1547 2991 suspiciones
1561 2925 1690 2986 quantum
1706 2919 1836 2989 pertincte
1851 2917 1901 2970 ob·

1080 3005 1156 3057 noxii
1170 3013 1232 3056 sunt
1244 3005 1269 3056 ei
1289 3001 1386 3055 morbo
1406 3001 1535 3072 plerique
1553 3016 1650 3052 omnes
1668 3015 1762 3069 reges,
1782 3001 1902 3055 maxime

1079 3105 1147 3142 rero
1161 3087 1372 3158 prudentiores,
1385 3095 1408 3136 et
1424 3085 1465 3136 illi
1480 3083 1527 3152 qui
1542 3084 1641 3136 multos
1653 3082 1754 3136 babent
1773 3085 1900 3137 adversa·

1078 3175 1151 3240 rios,
1166 3175 1250 3242 etqui
1265 3171 1422 3240 complures
1440 3167 1624 3221 ofleodernnt.
1641 3168 1684 3222 ld.
1702 3168 1767 3224 libr·
1786 3189 1814 3240 q·
1831 3187 1896 3241 pag.

1079 3277 1116 3312 m.
1137 3259 1198 3330 ³⁰9·
1217 3271 1246 3311 et
1260 3273 1336 3328 sequ.
1363 3253 1442 3308 etde
1460 3251 1590 3308 Eduardo
1608 3253 1822 3324 Angliacreger
1848 3253 1899 3309 l'uit
1934 3249 1970 3306 65

1080 3341 1147 3394 baec
1161 3341 1219 3393 sola
1232 3337 1291 3394 lere
1303 3349 1328 3393 et
1342 3337 1481 3408 potissima
1501 3354 1600 3406 eausa,
1620 3357 1673 3392 cur
1689 3339 1723 3390 ad
1739 3338 1898 3394 Eduatdum

1079 3424 1191 3496 dogiiae
1210 3440 1304 3494 regem
1323 3419 1406 3474 misso
1424 3422 1513 3474 statim
1535 3422 1640 3490 legato,
1663 3422 1829 3477 mentionem
1850 3423 1901 3476 aii-

1079 3526 1161 3578 quam
1175 3507 1302 3576 injiceret
1314 3503 1445 3557 connubii
1459 3521 1521 3556 cum
1534 3504 1612 3557 iilius
1624 3521 1733 3560 sorores
1752 3522 1813 3558 cnm
1827 3507 1901 3560 enirn

1079 3592 1161 3646 sciret
1186 3589 1239 3644 boc
1266 3588 1445 3644 vehementer
1470 3591 1495 3641 ei
1523 3590 1656 3658 placere,
1683 3589 1792 3643 ridebat
1817 3589 1900 3644 facile

1080 3677 1170 3746 ipsum
1182 3675 1216 3727 ad
1230 3675 1375 3728 rmicitiam
1385 3689 1464 3744 posse
1477 3673 1584 3736 adduci,
1594 3684 1619 3728 et
1627 3689 1790 3745 quamquam
1798 3673 1901 3729 idtem·

1081 3762 1157 3832 poris
1170 3775 1226 3812 non
1241 3757 1336 3829 agebat
1349 3759 1422 3810 serio
1430 3797 1438 3825 ,
1451 3758 1521 3810 dixit
1533 3767 1622 3810 tamen
1640 3775 1699 3810 earn
1719 3769 1811 3828 postea
1833 3775 1902 3812 uxo-

1080 3863 1154 3915 rem,
1172 3843 1247 3916 quod
1266 3861 1299 3895 eo
1321 3841 1459 3896 lubentius
1479 3840 1589 3910 relcro,
1608 3853 1637 3897 ut
1656 3843 1811 3899 ostendatur
1830 3844 1902 3911 ejus·

1081 3931 1154 3982 modi
1167 3931 1251 3982 multa
1264 3929 1372 3997 saepius
1389 3929 1503 3982 evenire
1520 3943 1553 3980 es
1569 3929 1703 4000 opinione
1722 3929 1811 3997 alique
1830 3927 1900 3980 lesi-

1080 4025 1122 4068 ter
1134 4023 1271 4084 suscepte,
1285 4013 1403 4064 maxime
1415 4027 1482 4066 sero
1502 4013 1575 4068 inter
1593 4015 1747 4086 principes,
1768 4011 1816 4079 qui
1835 4027 1901 4082 pro·

1080 4099 1306 4171 pterdeiatorum
1318 4095 1535 4164 multitudinem,
1553 4089 1759 4169 suspicionibm
1777 4093 1838 4148 iere
1857 4095 1902 4147 in·

1082 4185 1212 4253 dulgent,
1225 4183 1245 4237 l.
1262 4201 1286 4236 a.
1297 4197 1360 4254 pag.
1373 4201 1410 4234 m.
1427 4179 1471 4252 37.

1116 4270 1192 4341 Qum
1201 4267 1333 4338 'equidem
1344 4267 1425 4337 igitur
1438 4267 1602 4320 exbaetenua
1614 4263 1696 4319 dictis
1706 4264 1795 4334 aliquo
1808 4265 1891 4320 moda
1932 4265 1966 4319 ili

1081 4361 1200 4418 constat,
1214 4351 1295 4406 etiem
1304 4351 1344 4426 ⁸in
1362 4349 1446 4402 muca
1464 4348 1645 4421 suscipionem
1657 4347 1764 4412 cadere,
1777 4350 1898 4420 exempla

1082 4435 1211 4506 quaedam
1229 4451 1262 4490 es
1280 4434 1377 4506 quibos
1394 4433 1476 4486 etiam
1495 4433 1580 4486 boum
1599 4431 1685 4501 possit
1703 4430 1840 4502 praesumi
1855 4449 1898 4485 au·

1082 4529 1204 4590 spectus,
1222 4515 1441 4590 praelibabimus.
1455 4517 1495 4569 lta
1513 4514 1633 4586 auspicio
1650 4514 1751 4571 iraudia
1762 4518 1801 4570 rel
1816 4517 1899 4576 sina·
1937 4521 1969 4592 67

1083 4602 1191 4656 lationis
1208 4602 1317 4663 oritur,
1337 4596 1442 4670 quando
1459 4597 1581 4656 uenditor
1598 4602 1652 4668 jam
1671 4609 1727 4652 tom
1745 4601 1825 4655 alteri
1844 4618 1901 4656 rem

1084 4686 1220 4751 vendidit,
1237 4703 1267 4739 ea
1280 4695 1368 4738 tamen
1385 4681 1472 4737 adhoc
1488 4684 1587 4748 utitur,
1601 4692 1628 4738 et
1647 4683 1778 4738 lrnetibua
1796 4683 1902 4754 imitor,

1078 4787 1146 4825 eum
1167 4771 1237 4825 nihil
1256 4769 1436 4842 iuter-ipsam
1455 4779 1484 4822 et
1501 4777 1652 4840 emptorem
1672 4769 1723 4830 bae
1740 4769 1773 4826 de
1792 4787 1821 4822 re
1838 4786 1902 4826 con·

1085 4857 1205 4922 uenerit,
1216 4853 1263 4908 aed
1281 4853 1433 4907 dominium
1452 4862 1498 4906 ant
1516 4853 1700 4908 conditionem
1718 4853 1903 4925 usumpieudi,

1083 4939 1102 4990 l.
1125 4949 1166 4994 tt.
1185 4939 1208 5006 §a
1229 4933 1303 5008 aff.
1321 4939 1355 4992 de
1372 4939 1501 4992 contrad.
1526 4947 1606 5009 empt.
1633 4939 1715 4993 vend.
1729 4939 1751 4991 l.
1773 4951 1816 4994 to.
1835 4940 1858 5006 b
1879 4952 1902 4992 t.

210 5030 364 5093 scendunt,
385 5029 461 5097 quod
486 5030 601 5093 illicita,
618 5041 699 5078 nemo
720 5023 849 5096 negabit,
868 5042 930 5078 uam
949 5027 971 5078 si
991 5027 1033 5080 illi
1073 5017 1115 5090 ff·
1132 5020 1168 5075 de
1183 5031 1234 5074 oct.
1258 5030 1341 5091 empt.
1365 5031 1393 5075 et
1418 5039 1525 5076 taenara
1543 5022 1736 5091 possessiouem
1757 5022 1787 5075 iu
1812 5023 1901 5094 ipsura

212 5123 352 5168 merentur
365 5111 500 5181 judicium
509 5112 542 5163 ed
554 5109 824 5174 condemnationem,
839 5112 885 5178 qni
900 5112 1034 5182 neglectis

213 5200 270 5251 suis
282 5197 357 5252 ritiis
375 5195 554 5266 gravioribus
573 5197 678 5246 minora
699 5192 814 5247 iratrnm
834 5211 948 5247 suornm
966 5196 1034 5250 vitia

212 5281 314 5334 acriter
326 5279 507 5344 insectantur,
521 5289 547 5332 et
560 5278 757 5342 condemnant,
772 5295 828 5346 quo
849 5281 901 5351 ipsi
921 5279 973 5334 hac
993 5295 1035 5332 ra-

212 5365 286 5419 tione
304 5361 451 5416 sanctiores
472 5361 629 5430 videratur,
646 5375 747 5432 quanto
769 5365 853 5434 magia
875 5375 1033 5430 merentur,

211 5447 260 5516 qni
272 5460 307 5497 ex
319 5444 385 5498 odio
399 5453 425 5499 et
437 5444 604 5514 malignitate
617 5444 668 5498 sibi
685 5447 884 5516 imaginantur,
899 5463 969 5515 quae
978 5462 1034 5498 non

213 5526 297 5582 aunt?
308 5527 410 5582 Leonis.
427 5526 501 5583 Lesa·
512 5529 574 5600 dei.
591 5530 646 5600 erj.
664 5531 727 5586 lidr-
742 5543 769 5583 s.
782 5547 806 5584 e.
830 5547 876 5603 ²9·
894 5529 986 5586 dubit.
1008 5529 1034 5582 3.

215 5623 244 5666 ut
256 5613 323 5666 adeo
338 5629 370 5666 ex
385 5615 524 5688 contrario
535 5631 616 5668 secan
628 5613 664 5669 de
678 5618 757 5676 riro.
774 5617 953 5686 quantumvis
965 5615 1035 5688 opti·

340 5701 445 5798 senso
464 5701 525 5756 Vn.
545 5701 600 5754 rr.

1083 5105 1227 5160 transferre
1253 5105 1410 5167 debuisset,
1427 5104 1447 5156 l.
1472 5116 1497 5158 s.
1520 5122 1543 5157 c·
1557 5105 1604 5158 vcle
1623 5123 1650 5160 c.
1669 5115 1753 5174 empt.
1777 5103 1832 5156 aid.
1858 5105 1904 5157 bic

1085 5189 1212 5245 Masoerd.
1231 5191 1263 5244 de
1279 5189 1385 5261 probat.
1406 5187 1458 5240 col.
1481 5198 1504 5242 t.
1521 5181 1608 5241 c'onel.
1624 5197 1684 5242 tta.
1702 5205 1728 5240 n.
1750 5185 1898 5240 ernan-
1935 5197 1973 5250 63

1084 5277 1176 5331 rietate
1197 5284 1380 5330 contractuum
1399 5271 1501 5326 itaudia
1526 5271 1642 5344 suspicio
1669 5269 1867 5342 praesumitur,
1885 5273 1903 5324 l.

1085 5362 1120 5415 ab
1139 5364 1267 5417 Annstoa.
1288 5367 1332 5408 tt.
1350 5375 1373 5410 c.
1393 5353 1666 5410 montanistarum.
1686 5353 1772 5407 conol.
1794 5362 1856 5408 tat.
1875 5371 1904 5408 n.

1088 5455 1111 5497 a.
1130 5445 1183 5516 Qui
1202 5461 1262 5498 cum
1282 5439 1423 5508 foeminis,
1441 5439 1659 5510 consanguineis,
1678 5434 1827 5502 affinibus,
1848 5455 1905 5491 rno-

1085 5528 1218 5594 nialibus,
1236 5525 1435 5590 communibus,
1455 5525 1568 5594 aliisque
1588 5525 1618 5588 id
1636 5507 1725 5593 genus*
1738 5520 1817 5576 iacile
1833 5537 1905 5576 oom-

1086 5613 1228 5680 miseetor,
1248 5618 1385 5683 suspectus
1399 5609 1598 5682 praesumitur,
1619 5609 1648 5660 bi
1659 5606 1751 5688 enoclp
1771 5606 1802 5660 de
1817 5623 1901 5677 prae-

1535 5698 1568 5760 ib
