4418 6266
209 265 257 316 ι..
479 244 482 257 ·
670 255 719 312 ιι
736 251 828 325 runa
846 245 1093 310 ιιιιιιιιιιι
1110 227 1319 308 ru'umrnu
1742 259 1797 312 ι..

81 374 117 418 ιι
196 359 321 430 Superest
339 357 424 432 ipsius
441 328 605 430 pradseutiae
623 352 761 424 probatio,
780 351 852 404 basis
870 357 896 402 et
914 344 975 400 lun·
1025 357 1158 418 gumeuta
1170 353 1230 405 talia
1250 367 1301 404 nou
1319 347 1398 404 aliter
1415 353 1530 420 valeant,
1548 371 1625 427 qnam
1638 355 1661 412 si
1675 357 1745 414 inter
1762 379 1839 431 pm.

158 443 312 498 damemutn
330 445 451 496 omnium
479 439 715 495 controuraiarom
740 436 770 488 in
794 434 842 487 bac
867 433 976 488 materia
1028 430 1183 487 teritum·et
1200 451 1325 506 prseseus
1342 431 1421 488 luctis
1438 447 1466 491 et
1485 441 1631 494 necessaria
1656 441 1782 513 quaedam
1801 445 1840 506 sit

155 527 363 581 occurrentium.
383 523 580 578 faustianum
599 521 723 575 ellectum
753 520 852 574 tribuas
870 535 975 583 causae,
1027 516 1171 582 connexio,
1187 535 1236 570 nec
1252 516 1287 570 ob
1305 517 1548 588 impossibilitatem
1568 525 1849 583 naturaenliteresss

157 611 270 680 quaein
290 626 377 662 rerum
397 619 489 660 natura
508 625 561 659 uon
582 607 731 676 reperitur,
750 621 810 656 curu
832 621 884 657 uun
904 604 975 658 entis
1027 610 1121 671 queat,
1140 601 1180 652 uti
1199 599 1281 654 trudit
1301 601 1345 654 dn.
1367 603 1454 656 Praes.
1472 618 1554 672 saepe
1570 606 1614 659 cit.
1633 619 1709 664 tract.
1733 611 1768 666 ds
1786 611 1842 680 iuf-

157 696 246 752 nullae
266 692 321 746 siut
340 692 502 746 alitationes.
521 691 567 745 Sic
586 687 700 752 lrustra,
719 685 747 738 ni
768 685 861 750 fallor,
873 687 976 755 agimus
1028 702 1097 738 sens.
1115 682 1178 738 dira.
1193 695 1216 734 r.
1229 701 1251 737 e.
1269 693 1290 735 1.
1302 703 1329 733 ιι.
1346 695 1386 736 ts.
1404 685 1550 742 tt.Ererh.
1569 691 1586 744 1.
1598 710 1621 746 c.
1633 711 1661 748 ιι.
1680 703 1722 748 ιι.

158 780 284 848 dejure,
303 775 372 848 quod
391 798 404 830 a
423 776 571 846 praesentia
589 775 665 838 uuit,
684 771 708 824 si
727 788 781 824 nou
796 783 906 836 constet,
920 788 978 824 esse
1066 770 1150 838 igitur
1169 765 1377 822 concludendum
1396 771 1481 822 adbuc
1498 775 1566 838 erit,
1586 778 1758 844 praesentiam
1782 795 1843 847 pro·
1880 787 1912 828 ιι

157 861 361 934 praesentiam,
381 861 421 912 rel
441 858 566 912 adfuisse·
589 856 722 928 Equidem
741 855 806 906 solet
822 852 979 924 qtundoque
1029 850 1399 916 bsradaruease31ieetautem
1419 871 1468 922 per
1487 863 1715 932 praesumptiones
1727 861 1773 916 ills
1786 881 1846 933 pro·

156 949 271 1021 partium
293 945 438 1019 praeseutia
459 941 604 1014 praesumi,
630 941 652 992 si
685 938 721 991 sit
740 937 800 990 talis
817 947 910 998 actus,
931 936 977 1006 qui
1029 941 1090 994 bare
1109 938 1194 1010 possit
1212 933 1397 991 artificisliter.
1415 937 1474 990 Non
1496 945 1582 995 tamen
1600 943 1647 996 ilia
1667 947 1843 1016 probsrioga.
1882 955 1915 998 st

158 1033 217 1086 siue
234 1051 264 1084 ea
282 1029 373 1102 peregi
393 1037 522 1098 nequem,
541 1036 570 1078 ut
588 1026 617 1076 in
637 1024 818 1085 investitura,
844 1037 910 1089 quus
927 1037 978 1072 nou
1031 1023 1111 1076 nuina
1130 1030 1171 1075 est
1188 1031 1215 1076 et
1232 1021 1356 1094 propria,
1373 1023 1497 1090 quoniam
1517 1041 1577 1078 sera
1595 1026 1716 1097 probatio
1735 1029 1849 1099 percipi.

162 1125 263 1186 potest,
278 1111 331 1166 nisi
348 1109 495 1181 praesentia
511 1107 627 1162 inrestiti
642 1104 778 1176 expediri,
791 1102 900 1155 Oidrad.
913 1120 979 1155 cou-
1031 1121 1073 1164 ruf
1093 1125 1169 1161 senen
1187 1126 1212 1159 v.
1231 1125 1256 1159 ο,
1272 1106 1348 1170 visu,
1366 1105 1457 1158 sortitu
1473 1127 1479 1158 =
1496 1118 1522 1160 ar
1541 1111 1724 1181 praesumptio
1742 1129 1788 1181 par
1807 1130 1848 1165 r..

158 1195 461 1252 ail.ttt.'luseb.tom.
477 1191 597 1246 uranei·
615 1202 674 1247 ιιι.
696 1189 763 1241 ilem
784 1186 811 1238 1¹¹
832 1185 981 1240 testimonio
1032 1193 1140 1246 tiocinia
1159 1208 1190 1244 ex
1209 1189 1272 1242 lacti
1301 1189 1512 1242 circumstantiis
1538 1191 1693 1260 colligitur,
1720 1193 1795 1248 zoes.
1814 1194 1848 1248 ds

158 1279 350 1350 dicendo.qui
371 1268 980 1339 testesadhibentur‚setuisimulinterluis·
1030 1277 1137 1348 produt.
1150 1283 1233 1328 ιι.11.
1253 1275 1325 1325 lisec
1343 1291 1393 1341 per
1411 1273 1561 1345 possibile,
1588 1274 1634 1328 iila
1653 1292 1713 1330 sero
1732 1294 1781 1348 per
1800 1295 1848 1332 ne·
1885 1293 1918 1336 ιι

163 1383 191 1420 ιι
210 1372 434 1438 praesumuntur,
460 1362 498 1412 uti
519 1359 568 1412 lton
593 1374 628 1410 ex
652 1355 868 1409 antecedentibus
887 1355 979 1422 liquet·
1030 1377 1101 1416 cesse
1120 1359 1195 1412 debet
1219 1357 1388 1420 concludere,
1409 1355 1509 1410 Schuii'.
1526 1367 1598 1428 gent.
1619 1369 1642 1412 t.
1662 1375 1739 1413 enus.
1759 1371 1801 1412 tr.
1822 1381 1850 1416 ta.

159 1451 258 1506 Eodem
275 1447 354 1502 modo
365 1447 470 1500 salione
488 1441 619 1497 domicilii
639 1449 790 1512 praesentes
800 1438 913 1510 quilibet
925 1455 981 1491 esse
1035 1458 1060 1499 a,
1080 1449 1159 1500 was.
1179 1444 1231 1498 ool.
1257 1453 1279 1497 1,
1301 1460 1376 1496 anns.
1398 1456 1439 1496 tt·
1458 1462 1485 1495 n.
1500 1445 1624 1498 annino
1641 1445 1850 1518 oprimeprobg.

99 1569 104 1582 ·
158 1538 320 1590 ereduntur:
340 1533 395 1585 imo
413 1525 744 1596 etiamotuottreapeetu‚
761 1524 831 1595 quod
845 1525 981 1578 certoloco
1033 1531 1106 1584 bitur
1123 1546 1170 1601 per
1188 1528 1279 1582 modos
1299 1523 1502 1594 inartificiales,
1525 1539 1603 1584 testes
1624 1541 1650 1584 et
1668 1531 1851 1598 iustrumenta,

159 1619 349 1675 administrare
368 1613 482 1678 debent,
501 1629 560 1682 urg·
572 1628 595 1664 c.
609 1609 687 1664 nulli.
695 1605 729 1660 de
741 1606 845 1660 clericis
871 1624 927 1658 non
943 1623 983 1658 ιι·
1035 1615 1159 1685 carpzov.
1174 1631 1202 1682 p·
1221 1624 1245 1666 t.
1259 1627 1282 1664 e·
1296 1623 1320 1664 ι.
1331 1611 1358 1664 d.
1375 1621 1417 1664 ts.
1430 1628 1455 1664 ιι
1472 1624 1495 1666 ι.
1511 1613 1561 1668 Dn.
1583 1612 1684 1668 Brunn·
1700 1631 1776 1686 proc.
1794 1620 1848 1670 ιιι.

160 1705 210 1756 sid.
230 1702 342 1770 During·
361 1701 389 1752 in
409 1697 533 1751 biblioth.
552 1713 615 1748 unce
636 1694 738 1746 udseut.
752 1709 785 1744 n.
802 1702 843 1744 ιι.
863 1691 902 1744 De
922 1689 982 1762 qui·
1033 1715 1056 1751 ς,
1078 1707 1119 1751 20,
1133 1716 1160 1750 a,
1176 1708 1200 1750 a,
1652 1717 1655 1723 -

163 1790 213 1845 bus
232 1788 261 1838 in
280 1783 470 1856 sequentibus:
497 1790 556 1842 ast,
575 1778 604 1832 in
624 1777 705 1830 dublo
728 1775 894 1848 praesentiae
913 1790 985 1844 prae·
1071 1777 1853 1854 nasaniamnumerodiorrahlenrparfluum.1tamqum.
1889 1793 1917 1830 ιι

160 1871 275 1940 sumptio
295 1869 395 1922 nullum
416 1867 468 1920 sibi
490 1863 607 1919 sirtdicat
632 1862 739 1928 locum,
759 1861 781 1915 si
803 1869 891 1914 tsmeu
911 1877 984 1931 prae·
1035 1865 1070 1919 do
1087 1874 1174 1920 certus
1192 1879 1318 1918 numerus
1345 1863 1538 1917 determinatus
1556 1882 1608 1918 non
1626 1875 1668 1918 est
1693 1885 1708 1918 s
1730 1867 1853 1936 legibus,

161 1954 288 2010 tendatur
305 1949 448 2015 absentia,
468 1958 531 2001 tuuc
549 1946 699 2019 praeseutia
717 1962 750 1998 ex
776 1955 864 2000 natur·
885 1954 984 1998 contre·
1035 1947 1175 2004 sulliciunt
1187 1949 1247 2013 aluo,
1260 1949 1277 2000 l.
1291 1947 1339 2002 ulti
1350 1960 1527 2002 numerant.
1531 1945 1571 2014 ff.
1585 1945 1620 2002 de
1631 1957 1690 2004 test·
1705 1948 1784 2002 modo
1797 1948 1853 2005 lue·

160 2039 262 2093 riurum
282 2033 474 2107 praesumitur,
496 2031 548 2084 uisi
569 2029 696 2100 probetur
722 2028 853 2082 absentia:
871 2037 983 2092 contra,
1036 2033 1092 2088 rint
1109 2029 1414 2094 idonei.necsublestae
1427 2029 1507 2098 fidei,
1526 2031 1544 2084 t.
1559 2043 1583 2083 ι.
1594 2047 1618 2086 ι.
1632 2035 1665 2088 de
1676 2036 1762 2088 testib.
1780 2034 1853 2091 uine
1891 2035 1922 2076 ιι

160 2123 185 2175 si
203 2121 327 2190 allegetur
348 2115 510 2188 praesentia,
530 2113 666 2187 praesumi
679 2113 744 2166 solet
758 2111 888 2165 absentia.
906 2111 984 2166 Sicut
1036 2115 1225 2188 praecaeteris
1243 2115 1287 2167 bic
1306 2111 1456 2166 removendi
1486 2126 1547 2168 snut
1569 2114 1652 2168 oculis
1670 2115 1763 2172 orbati.
1782 2115 1857 2172 ticet

161 2207 234 2260 enim
253 2205 381 2257 incertum
399 2213 459 2266 ιιι,
475 2211 562 2268 aptum
582 2197 690 2254 esseda
708 2198 755 2250 huc
773 2197 872 2251 relilla
892 2196 984 2260 re‚ita
1035 2199 1108 2252 enirn
1127 2197 1255 2252 omuibus
1271 2195 1383 2250 testibus
1405 2196 1454 2249 bue
1466 2195 1605 2266 proprium
1623 2213 1679 2250 etse
1697 2197 1807 2266 debeat,
1826 2209 1856 2254 ut

160 2306 265 2360 qnoque
283 2287 347 2342 sciri
368 2285 482 2356 nequit,
509 2279 627 2336 adiuerit
653 2280 752 2352 aliquia
773 2281 842 2334 acttri
862 2297 910 2334 neu
927 2277 986 2333 uel
1036 2291 1189 2352 praesentes
1207 2291 1291 2334 actum
1310 2280 1435 2344 rideant,
1454 2297 1477 2332 c·
1491 2291 1580 2336 testes.
1597 2291 1636 2334 ta.
1648 2297 1723 2335 caus.
1739 2294 1818 2352 tuq.
1831 2295 1855 2336 ι.

159 2373 215 2429 ttec
232 2369 441 2442 sapientissimis
459 2369 508 2420 buc
525 2383 642 2436 unquam
662 2363 750 2435 potuit
769 2375 896 2427 constare,
914 2361 984 2433 quud
1036 2362 1055 2417 t.
1066 2363 1183 2418 testium.
1200 2372 1271 2415 ιιι.
1284 2363 1316 2416 de
1329 2362 1414 2415 testib.
1431 2363 1482 2416 Du.
1497 2365 1585 2418 Praes.
1595 2366 1640 2416 cit.
1653 2365 1670 2416 l.
1683 2364 1745 2418 dira.
1761 2375 1783 2418 1.
1795 2383 1819 2418 c·
1832 2377 1855 2422 t.

161 2455 191 2510 in
210 2472 284 2508 mero
301 2453 372 2508 lacto
390 2451 527 2506 consistit.
545 2447 738 2502 illuctaliaut
757 2445 984 2516 probentursum·
1036 2458 1102 2500 ιιι.
1120 2447 1152 2500 111
1170 2445 1336 2518 praesentiae
1354 2457 1439 2500 tamen
1457 2455 1518 2499 nutu
1543 2445 1572 2498 ld
1605 2447 1721 2501 menime
1739 2463 1858 2501 necessa·

162 2556 205 2592 rna
219 2539 334 2610 postulat
346 2536 422 2602 ratio,
435 2536 454 2589 l.
467 2535 620 2604 siquando.
636 2542 661 2586 t.
674 2549 699 2584 c.
710 2530 743 2585 de
756 2528 853 2584 statuis
864 2539 890 2583 et
902 2529 985 2600 imag.
1037 2531 1107 2583 rium
1125 2539 1185 2598 est,
1203 2546 1262 2584 num
1281 2531 1339 2583 sine
1357 2530 1413 2583 risu
1432 2531 1545 2600 probare
1555 2549 1608 2585 nou
1622 2531 1720 2602 possit,
1739 2533 1855 2603 aliquem

162 2623 181 2675 i.
196 2621 385 2675 tundentur
398 2635 473 2672 num.
485 2634 543 2690 pec.
561 2617 579 2669 i.
603 2625 644 2669 ιι.
658 2615 691 2668 de
700 2615 809 2686 prodat.
827 2613 845 2665 l.
861 2614 891 2663 ιἰι
903 2611 983 2669 dello.
1035 2613 1118 2667 luisse
1137 2628 1313 2684 praesentem,
1332 2615 1387 2666 nisi
1406 2613 1473 2668 iorte
1483 2631 1576 2669 coecus
1588 2625 1708 2668 exactam
1722 2616 1793 2669 rucis
1807 2631 1855 2669 no·

166 2715 208 2760 ta.
218 2703 340 2776 §.suarm
355 2714 379 2756 2.
389 2703 423 2756 de
434 2711 508 2771 capt.
521 2710 547 2754 et
555 2701 636 2772 posti.
660 2713 718 2752 rev.
732 2716 755 2751 c.
770 2708 811 2749 tu.
828 2697 859 2748 X.
872 2695 903 2748 de
915 2704 984 2748 rent·
1034 2699 1118 2755 titiam
1138 2699 1271 2764 babuerit,
1293 2699 1327 2751 de
1344 2716 1397 2769 quo
1417 2697 1446 2749 in
1466 2699 1589 2770 subseqq.

161 2807 267 2842 annm.
281 2791 393 2858 liupger.
404 2804 466 2840 voa.
476 2799 615 2856 praesens.
630 2783 694 2852 bug.
715 2779 943 2834 Barbosaind.1.
960 2781 988 2832 aa·
1072 2781 1144 2850 Quid
1164 2793 1265 2847 autem,
1284 2781 1308 2834 si
1327 2773 1388 2853 pira
1409 2781 1518 2835 testium
1537 2779 1668 2848 affirmet,
1694 2804 1756 2858 pars
1774 2786 1856 2842 altera

161 2868 269 2942 putando
286 2877 309 2919 ι.
322 2885 344 2922 c·
360 2869 392 2921 de
403 2863 529 2936 stat-sol.
548 2874 606 2918 ιιι.
620 2883 646 2918 ιι.
664 2876 689 2915 ι.
702 2872 728 2915 et
739 2861 768 2914 t'n
782 2861 911 2916 tltesnuro
932 2861 983 2914 loc.
1037 2879 1127 2935 neget,
1146 2877 1312 2938 praesentem
1330 2866 1464 2932 adfuisse,
1483 2869 1555 2938 quod
1568 2869 1690 2924 eumdem
1709 2887 1761 2923 uon
1781 2869 1855 2924 side·

165 2968 228 3004 enm
258 2966 336 3004 noce·
358 2947 523 3017 praeseutia.
539 2945 599 3002 Job.
624 2945 717 2999 franc.
741 2943 828 2998 Baldi.
853 2945 985 2998 truendo
1037 2949 1092 3004 rit?
1113 2953 1245 3006 Potiorem
1261 2965 1323 3021 puto
1340 2951 1468 3004 rationem
1488 2952 1633 3006 habendam
1653 2951 1857 3007 esseal'lirman·

159 3034 429 3106 praescripturum.
445 3042 468 3084 1.
487 3049 513 3085 ιι.
532 3043 555 3086 1.
574 3043 599 3086 ι.
611 3027 706 3099 carpe.
714 3047 744 3100 p.
760 3041 782 3082 t.
795 3045 819 3082 ι.
832 3039 858 3083 ι.
870 3029 925 3098 des.
939 3039 982 3083 ιι.
1036 3034 1118 3101 tium,
1132 3051 1214 3104 qrram
1234 3037 1401 3106 negantium,
1417 3051 1480 3088 cum
1499 3036 1630 3105 vulgatum
1651 3037 1687 3088 ait
1704 3037 1771 3105 iuris
1783 3038 1858 3090 axio·

163 3137 191 3170 ιι.
206 3129 229 3172 ι.
243 3135 265 3177 ι.
1037 3137 1093 3172 ma:
1113 3119 1198 3188 magis
1216 3119 1377 3174 eredendum
1397 3135 1452 3171 esse
1473 3118 1585 3171 testibus
1604 3119 1716 3186 duobus,
1739 3119 1858 3178 albama-

198 3200 336 3257 Probauda
353 3211 440 3257 autem
460 3200 512 3256 erit
531 3200 681 3273 praesentia
705 3200 738 3258 ab
760 3201 897 3271 allegante.
916 3199 983 3270 Qui·
1039 3205 1117 3260 ticam
1136 3202 1347 3265 admanentibus,
1364 3219 1443 3272 quam
1465 3212 1507 3254 tu.
1525 3201 1586 3254 aliis
1604 3203 1750 3270 negativam
1765 3205 1857 3260 deleu-

163 3301 276 3358 eumque
292 3285 365 3340 enirn
385 3285 586 3340 tundamentum
602 3302 663 3338 sune
674 3284 835 3338 intentionis
846 3283 875 3336 iu
891 3283 982 3338 eadem
1033 3287 1172 3352 dentibus,
1192 3289 1283 3342 Gloss.
1302 3286 1330 3339 in
1345 3287 1364 3337 1.
1382 3285 1454 3340 diem
1469 3283 1608 3356 proferre.
1629 3297 1669 3340 tt.
1679 3290 1704 3355 §-
1716 3291 1743 3342 si
1756 3289 1857 3360 plures.

164 3367 329 3440 imponit‚ei
342 3369 418 3425 etiam
437 3369 567 3424 incumbit
579 3368 721 3421 nereasitas
734 3385 791 3422 eam
804 3364 983 3438 probandi,l.
1026 3369 1069 3440 ff.
1088 3372 1189 3427 daath.
1201 3371 1255 3426 Du.
1275 3368 1363 3423 Praes.
1381 3388 1403 3422 c.
1417 3371 1435 3420 l.
1454 3367 1519 3424 diss.
1533 3381 1557 3422 ι.
1569 3388 1593 3424 ι.
1608 3383 1632 3424 ι.
1645 3390 1672 3425 ιι.
1687 3383 1728 3425 ιι.
1747 3373 1858 3447 lasuper

167 3451 351 3508 lundense
365 3449 982 3524 num-pac.slort.0‹ldoq.ann.tt.tt1attb.
1032 3457 1091 3524 quia
1110 3456 1235 3525 ignorat,
1274 3455 1360 3508 multa
1387 3454 1457 3506 actui
1485 3453 1649 3510 interuenire
1671 3474 1769 3528 posse,
1791 3475 1859 3530 qnae

163 3535 198 3591 de
217 3535 305 3590 dlllct.
325 3536 401 3590 decis.
417 3538 545 3606 neapolit.
561 3548 620 3588 ιιι.
633 3555 660 3588 n.
675 3547 720 3590 ts.
738 3553 798 3587 cum
810 3533 940 3603 quodque.
953 3531 981 3583 iu
1032 3556 1108 3592 usum
1128 3539 1305 3608 plurimorum
1327 3536 1509 3606 impediant?
1534 3541 1614 3594 liaud
1633 3559 1694 3594 raro
1717 3543 1857 3600 bominum

167 3611 219 3692 'apuu
237 3619 298 3690 quis
316 3635 408 3674 musae
426 3636 488 3671 suae
505 3617 637 3688 justitiam
656 3633 701 3671 seu
720 3611 984 3685 negandoseualbr·
1035 3622 1178 3676 multitudo
1194 3623 1301 3686 obstate
1320 3622 1517 3690 utplurimum
1537 3623 1590 3694 ipsi
1609 3637 1759 3694 praesens„
1785 3627 1857 3697 mgr.

165 3703 264 3759 ”³⁰⁶⁰
282 3705 405 3768 ⁰⁰l¹⁰0¹ia
418 3713 518 3756 cellum
532 3719 589 3756 ²⁵⁵0
602 3699 710 3768 debeat,
726 3711 754 3754 et
764 3702 912 3772 probatum.
929 3701 985 3754 ttu-
1035 3704 1177 3759 talionibus
1194 3705 1256 3758 aliis
1272 3705 1412 3775 occupati,
1426 3717 1454 3758 et
1467 3707 1546 3775 qussi
1565 3719 1639 3762 extra
1652 3724 1681 3762 se
1692 3710 1782 3780 positi,
1796 3729 1856 3766 sur·

167 3787 201 3842 de
214 3807 265 3842 uec
276 3788 374 3842 incerta
388 3785 601 3859 praesumptione
614 3787 754 3838 bocnners
773 3782 854 3837 debet
872 3781 984 3837 liberari
1034 3790 1062 3842 di
1072 3828 1082 3857 ‚
1100 3790 1170 3843 ooeei
1190 3789 1309 3862 motique
1321 3789 1452 3844 assident.
1476 3790 1544 3844 lude
1562 3791 1650 3846 rideas
1667 3793 1696 3846 in
1717 3795 1793 3866 praxi
1805 3796 1857 3852 tre.

166 3871 215 3928 dn.
234 3875 317 3928 Praes.
335 3873 443 3945 dejure
459 3867 676 3925 remundus.
694 3879 718 3920 ι.
730 3885 757 3922 ιι.
776 3879 815 3922 tt.
834 3868 908 3924 Fulr.
925 3871 984 3924 Pac.
1034 3873 1159 3944 quentius
1177 3873 1248 3926 nibil
1265 3873 1419 3936 obsecrari,
1446 3891 1526 3944 quam
1556 3890 1637 3946 snper
1654 3894 1707 3930 uno
1726 3877 1794 3932 laeto
1815 3893 1856 3936 tu.

168 3955 203 4011 de
212 3957 318 4030 prodat.
329 3956 348 4007 l.
362 3967 386 4008 1.
397 3971 421 4007 c.
436 3963 479 4005 ιι.
492 3970 518 4006 n.
536 3963 576 4008 tu.
596 3953 674 4006 Valet
692 3953 787 4005 tameu'
798 3964 983 4021 argumentum
1034 3969 1061 4012 et
1079 3959 1168 4028 plures
1186 3957 1332 4013 examinari
1353 3967 1452 4021 testes,
1471 3975 1526 4010 non
1548 3969 1577 4012 nt
1596 3959 1714 4030 integras
1727 3962 1789 4015 lacti
1803 3965 1856 4016 cir·

166 4041 196 4094 iu
213 4043 273 4110 jure
290 4059 304 4093 a
324 4037 466 4113 praeterito
477 4035 509 4089 ad
521 4051 657 4106 praesens,
671 4035 756 4090 Nicol·
776 4033 918 4088 Ererbard.
933 4036 984 4091 loc.
1034 4043 1206 4096 constantias
1225 4042 1336 4113 quisque
1355 4041 1425 4094 scire
1444 4039 1557 4108 debeat,
1577 4041 1623 4096 sed
1641 4055 1668 4098 nt
1685 4041 1784 4099 relerat
1798 4047 1856 4116 qui.

167 4122 248 4194 tegat.
262 4124 314 4176 luc.
328 4123 406 4188 stt-d
422 4131 463 4175 11.
477 4119 578 4190 Quidni
597 4135 659 4190 etto
678 4125 804 4190 primns
814 4119 896 4172 sulm
908 4137 984 4192 pm·
1033 4131 1110 4195 libet,
1122 4128 1189 4202 quid
1206 4145 1239 4183 ex
1259 4127 1328 4182 lacto
1348 4125 1486 4208 speciatim
1507 4126 1609 4182 viderit
1627 4138 1655 4182 et
1669 4128 1851 4184 observaverit.

167 4207 237 4262 sumi
257 4217 359 4278 potest,
372 4207 419 4278 qui
432 4207 497 4259 alias
516 4222 649 4275 nunquam
664 4201 772 4258 abluit?
790 4207 901 4268 Verum,
914 4205 985 4259 sicut
1034 4214 1064 4266 ln
1083 4213 1195 4284 reliquia
1212 4210 1287 4266 e'nlm
1305 4209 1424 4280 suflicit,
1444 4211 1468 4265 si
1487 4227 1535 4283 per
1556 4213 1647 4267 nescio
1665 4213 1853 4284 responderit,

167 4290 316 4366 praesentis
333 4309 386 4346 non
406 4299 462 4356 est,
481 4307 515 4344 ex
532 4287 664 4360 praesenti
675 4289 739 4342 relic
752 4296 865 4342 statuere
885 4287 917 4343 de
936 4305 983 4358 eo,
1034 4297 1079 4352 dn.
1098 4297 1246 4352 Bruanem.
1263 4313 1337 4366 proc.
1349 4293 1399 4348 cir.
1413 4313 1436 4348 ι.
1449 4305 1490 4348 ιι.
1503 4313 1529 4348 ιι
1546 4307 1589 4347 ιι.
1604 4305 1767 4369 statem.
1791 4297 1853 4354 cae·

166 4375 236 4448 quod
255 4373 372 4429 tutorum
387 4384 426 4427 est
435 4411 446 4441 ,
460 4373 536 4426 Surd.
554 4373 587 4426 de
600 4372 722 4427 alienent.
735 4371 774 4426 tit.
789 4382 811 4426 t.
822 4391 868 4441 po.
884 4386 907 4428 1.
919 4393 946 4428 ιι,
961 4387 984 4428 1.
1035 4392 1123 4436 terum
1141 4377 1318 4435 affirmativae
1335 4377 1399 4434 adeo
1417 4377 1508 4432 stricte
1526 4377 1718 4432 inhaerendum
1735 4397 1789 4434 nou
1806 4393 1857 4454 est,

168 4460 348 4514 Pruukmuttu·
366 4453 427 4528 vulf
447 4469 472 4510 ¹·
488 4474 543 4510 θαι·
564 4467 605 4509 ³⁰·
624 4475 652 4510 tt·
674 4467 732 4510 ¹⁰⁶·
753 4456 789 4509 ΙΙΙ
807 4473 909 4528 umque
919 4472 984 4528 pru·
1035 4465 1057 4516 si
1075 4481 1109 4518 es
1127 4461 1343 4516 circumstantiis
1361 4459 1428 4525 toel.
1449 4459 1590 4530 temporis,
1608 4461 1734 4528 testium,
1752 4475 1856 4520 eontra-

168 4541 259 4596 deutis
279 4559 333 4595 uon
353 4543 424 4606 erit,
449 4557 555 4609 semper
573 4537 689 4594 firmiter
712 4541 781 4596 velle
803 4542 984 4612 argumentari
1033 4547 1105 4600 rium
1119 4546 1206 4601 serius
1222 4563 1281 4600 essu
1298 4545 1429 4600 sidentur.
1443 4545 1617 4616 Quaenmuia
1627 4545 1727 4614 judicis
1738 4548 1854 4620 pruden-

166 4629 238 4683 circa
256 4628 434 4699 praesentiam
453 4647 468 4682 a
486 4629 631 4698 praeterito
647 4624 682 4680 ad
700 4642 833 4700 praesens.
852 4627 919 4682 Cum
937 4645 981 4684 ar·
1035 4629 1087 4683 tias
1103 4639 1166 4684 sunt
1183 4627 1364 4700 relinquentis·

719 4787 722 4794 '
838 4773 1089 4852 CAPUT
1133 4777 1182 4848 11.

662 4945 719 5014 Dc
732 4951 816 5041 jure
837 4957 1054 5040 praesentiae
1076 4954 1169 5020 cirea
1187 4974 1369 5043 personas.

422 5122 445 5175 S
464 5121 492 5175 U
505 5121 539 5174 d!
555 5121 592 5176 d!
605 5121 634 5174 A
652 5121 678 5174 Ii
695 5121 715 5172 1
730 5121 758 5174 A
1041 5121 1236 5193 Quotuplt'ct'der
1245 5121 1425 5177 condantur?
1438 5141 1466 5174 ιι.
1479 5134 1504 5177 ι.

1038 5208 1087 5260 An
1097 5205 1256 5276 proesentis
1273 5222 1340 5276 spus
1354 5205 1389 5260 ait
1405 5205 1517 5264 ratione
1533 5208 1608 5266 tertii
1623 5209 1718 5264 modi?
1735 5227 1761 5264 rt.
1783 5220 1809 5265 1.
1828 5225 1857 5267 es

175 5291 255 5346 Juru
265 5286 351 5343 cs'sa'ls's
362 5285 458 5342 divisio
470 5296 496 5341 et
508 5289 556 5340 ris.
568 5305 595 5338 n.
612 5297 634 5339 1.
647 5301 720 5356 seqq.
1074 5307 1147 5365 κῃ,

6 5375 9 5402 t
66 5385 72 5398 ·
167 5373 257 5430 Castu
269 5368 411 5434 hodierni,
424 5369 560 5440 quomodo
572 5367 734 5424 decidendi?
745 5387 773 5422 n.
788 5379 813 5421 4.
827 5381 851 5421 b.
1037 5377 1160 5446 Negasne·
1169 5375 1200 5431 r'n
1207 5376 1324 5431 secundo
1335 5375 1424 5430 modo,
1436 5395 1466 5430 η,
1481 5390 1491 5431 ι
1498 5389 1523 5432 2,
1534 5393 1606 5452 'Bw-

168 5455 218 5510 At
227 5454 398 5511 condendum
408 5463 552 5522 statutum,
573 5472 612 5508 nn
629 5453 726 5510 ciuium
743 5458 902 5526 praesentio
912 5471 986 5528 opus.
1042 5461 1160 5534 Odjectio
1172 5460 1290 5516 diluitur.
1305 5479 1332 5514 ιι.
1347 5473 1388 5515 ιι.
1400 5480 1472 5534 seqq.

203 5555 231 5592 ιι.
245 5549 269 5593 ι.
1037 5547 1127 5600 Poeta
1142 5563 1203 5603 cum
1221 5543 1339 5614 statutis,
1358 5545 1495 5618 quomodo
1512 5545 1742 5605 ermemberto.
1766 5563 1805 5606 ιι.
1825 5567 1853 5610 et

169 5623 218 5675 Art
230 5620 472 5678 etettatrseondere
483 5623 647 5692 pontnstn.
660 5635 684 5677 7.
1070 5643 1142 5704 tepp.

294 5705 398 5774 ιιηιι·
419 5708 481 5764 ιιι.
499 5709 554 5764 ιν.
1517 5729 1548 5774 ιι
