4418 6266
418 249 470 318 871

365 343 435 412 justa
459 336 549 394 adsint
573 335 672 394 indicia
692 347 717 392 et
737 357 818 412 poena
836 341 998 412 reteprtone
1018 348 1115 415 major,
1130 363 1190 398 nare

367 426 414 478 ubi
435 425 462 477 in
483 425 670 478 criminalibus
693 425 789 478 absens
812 427 981 482 condemnari
1006 447 1058 482 uon
1085 441 1191 502 potest,

366 511 406 563 ibi
427 529 512 582 neque
534 521 691 583 pmcnrator
708 520 749 565 444
766 511 968 580 414414444144,
993 517 1123 572 11441441.
1141 536 1193 586 per

297 604 330 650 44
362 596 432 670 jura
449 595 567 668 allegata
582 599 610 648 in
621 615 698 668 proc·
718 599 793 650 crr'rrr.
811 607 831 649 4.
853 610 876 651 4.
887 617 911 652 4.
926 611 949 653 s.
969 619 997 654 44.
1018 617 1043 658 4.
1061 603 1188 672 quoniam

367 681 412 734 1414
429 696 556 744 rera,nun
571 679 767 752 interpretativa
780 682 871 736 adesse
884 682 960 738 debet
969 685 1114 756 praeseutia
1129 686 1189 740 abs-

298 771 334 814 44
372 778 460 821 entem
479 768 496 820 1.
511 779 535 818 4.
538 763 581 835 ff.
599 766 1115 841 14444444.14414141444444441
1143 771 1190 823 iti-

365 853 427 906 dem
446 851 550 906 obtinet
566 854 594 906 in
614 869 689 918 44444,
707 871 758 924 quo
769 851 851 923 judex
861 851 893 906 ad
905 861 1034 909 torturam
1047 855 1188 928 procedere

363 945 471 1006 potest,
490 937 568 990 Joan.
587 935 621 988 de
640 936 749 990 Arnono
774 937 872 1009 singul.
893 949 934 991 24.
961 957 988 992 44.
1017 951 1039 991 4.
1067 951 1090 993 2.
1109 951 1138 994 44
1155 957 1188 995 er

364 1020 511 1092 praesentia
530 1019 713 1090 delinquentia
731 1039 754 1074 4.
774 1039 797 1074 c.
816 1021 903 1086 cultu,
933 1023 1048 1092 pallore,
1068 1041 1189 1078 sermone

369 1102 567 1173 lapidatione,
592 1102 706 1172 aliisque
724 1103 827 1173 signis,
856 1103 962 1158 1444111444
981 1109 1119 1161 4441444444
1137 1109 1189 1163 cri·

364 1187 450 1240 minis
470 1186 593 1256 indagare
608 1187 693 1258 possit
711 1190 809 1257 judex,
828 1189 846 1239 l.
869 1201 910 1243 44.
922 1186 945 1260 5.
959 1189 1028 1259 4βῖ
1040 1193 1073 1246 14
1086 1203 1188 1264 quaest.

362 1275 439 1328 1444.
458 1271 491 1326 14
510 1271 619 1326 144444
634 1272 710 1325 citt.
722 1271 816 1344 Carpe.
835 1272 899 1327 1144.
919 1273 978 1347 des·
997 1287 1038 1330 44.
1052 1295 1081 1331 n.
1099 1289 1139 1331 44.
1163 1288 1189 1332 44

365 1357 468 1410 1144444.
484 1373 564 1423 prun.
576 1359 651 1410 crim.
665 1375 688 1414 c.
703 1371 727 1409 4.
740 1376 775 1410 m.
788 1370 812 1410 4.
832 1377 857 1410 n.
874 1368 897 1409 4.
913 1371 937 1412 4.

399 1444 430 1494 14
450 1441 590 1512 illegitima
610 1457 670 1494 cero
689 1441 831 1506 citatione,
850 1443 903 1496 4141
923 1441 993 1498 14444
1009 1445 1069 1516 quis
1094 1444 1191 1498 4414444.

358 1527 392 1579 41
412 1525 598 1597 opponendam
618 1525 797 1597 exceptionem
818 1525 1039 1600 incompetentiae
1069 1531 1186 1598 judicis,

362 1611 435 1664 Gail.
453 1613 471 1663 l.
493 1621 517 1662 t.
534 1609 592 1663 414.
612 1619 652 1664 44.
672 1630 699 1664 44.
720 1624 743 1664 4.
765 1611 876 1666 termini
892 1617 1013 1682 angusti,
1033 1615 1128 1689 Carpe.
1144 1618 1184 1671 414.

365 1707 389 1748 4.
408 1707 460 1749 nrt.
477 1707 501 1748 4.
515 1716 542 1750 44.
567 1706 608 1749 44.
626 1706 652 1749 et
663 1697 813 1770 jurisprud.
823 1699 943 1768 serenni
959 1720 987 1773 p.
1010 1713 1031 1753 4,
1057 1719 1081 1754 c.
1109 1712 1133 1752 2.
1158 1700 1185 1754 1.

971 247 1162 304 ntsrtt‘rt‘r.
1180 251 1253 306 Xlx.
1271 249 1393 307 clrcr
1412 251 1459 308 Vl.

1956 253 2011 309 852

1243 355 1317 410 tnnc,
1338 347 1362 400 si
1382 363 1413 400 ea
1436 347 1568 420 negative
1586 345 1655 401 iacta
1673 344 1871 414 tueatunetort
1889 362 2069 416 cornu,th
2163 311 2164 400 i

1241 430 1270 483 144
1288 432 1394 484 4441444
1414 427 1551 484 affirmata
1565 441 1644 496 sunt,
1658 431 1792 486 incumbit
1805 429 1933 502 prolatio,
1946 429 1963 479 t
1977 439 2068 482 444444.

1241 533 1264 567 4.
1282 515 1406 584 deprob.
1424 515 1443 566 1.
1463 525 1487 568 4.
1496 513 1537 584 ff
1555 515 1615 568 441.
1634 515 1736 586 reliqua
1754 531 1829 579 rere,
1843 523 1974 583 tamqnam
1993 513 2068 581 jndi-

1240 599 1347 654 cialiter
1366 599 1492 653 confessa
1517 607 1703 670 acceptantur,
1722 610 1750 652 et
1767 601 1841 653 nulla
1860 599 1980 669 indigent
2006 615 2070 670 pro·

1239 685 1355 738 batione.
1376 684 1429 750 At,
1449 685 1493 738 ria
1513 701 1543 736 ae
1561 701 1596 736 ue
1614 685 1658 736 ris
1677 685 1791 754 quidem
1806 686 1902 756 poterit
1925 685 1972 738 illa
1999 703 2064 736 ene·
2103 675 2128 720 θ’

1244 769 1324 824 fessio
1343 768 1482 840 judicialia
1500 769 1571 832 dici,
1591 767 1645 822 nisi
1664 779 1754 832 actor,
1766 781 1949 840 procuratorre
1964 772 2023 838 ejus
2035 769 2068 821 in
2162 803 2164 880 p

1240 853 1343 922 jndicio
1362 851 1444 907 inerit
1462 870 1609 924 praesens,
1627 863 1655 907 et
1674 855 1747 906 illam
1766 853 1947 926 acceptaverit,
1965 855 2008 907 sel
2020 871 2069 906 ex·

1240 955 1331 1010 presse
1350 941 1391 992 sel
1413 939 1508 1006 tacite,
1531 937 1657 992 Sicbnrd.
1677 937 1751 991 ad‘l.
1772 949 1796 992 4.
1813 955 1836 991 c.
1860 939 1894 992 14
1910 948 1983 1006 pnct.
2002 957 2071 1007 qne-

1240 1023 1312 1074 41444
1332 1021 1478 1075 adversarii
1506 1022 1656 1092 praesentia
1681 1031 1709 1074 44
1733 1022 1882 1093 acceptatio
1905 1021 2067 1090 judicialem

1238 1103 1304 1158 14414
1322 1105 1568 1170 4441444144444,1.
1589 1106 1700 1173 s.§·t.
1712 1105 1805 1177 ffide
1822 1124 1898 1160 444444.
1918 1105 2067 1160 54114144-
2104 1107 2128 1152 11
2162 1133 2164 1208 p

1240 1202 1348 1244 reteuus
1373 1209 1403 1244 ea
1429 1199 1628 1262 proponantur,
1653 1191 1807 1260 inscriptis
1827 1190 1901 1242 euim
1928 1189 1951 1240 si
1978 1189 2068 1258 judici
2163 1219 2164 1226 .

1237 1277 1341 1343 oblata,
1358 1289 1385 1333 et
1404 1278 1553 1333 aduersario
1571 1277 1764 1331 communicata
1782 1275 1881 1343 inerit,
1900 1273 2011 1328 ridetur
2029 1275 2062 1326 144
2162 1261 2164 1306 i

1239 1363 1341 1432 judicio
1360 1363 1513 1434 proposita,
1533 1374 1559 1418 et
1578 1361 1617 1416 sie
1636 1361 1712 1432 quasi
1729 1381 1745 1415 ι
1764 1370 1903 1434 praesente
1922 1367 2068 1430 acceptata,

1242 1447 1337 1499 Zasius
1352 1447 1389 1499 nd
1399 1447 1456 1498 11.
1472 1458 1497 1498 4.
1509 1451 1530 1508 5.
1545 1457 1568 1497 4.

1275 1531 1466 1584 trebanorum
1491 1527 1598 1599 quando
1629 1527 1763 1600 suscipere
1788 1534 1913 1580 tenentur
1945 1535 2069 1588 acturas,

1236 1620 1418 1673 cummuniter
1438 1635 1505 1670 cana·¹
1514 1614 1643 1688 expedire
1662 1616 1748 1668 solent
1767 1623 1928 1685 par-testea:
1948 1613 1976 1666 bi
1991 1623 2067 1666 ante-

1237 1722 1316 1774 quem
1338 1704 1369 1754 ad
1386 1701 1570 1757 testimonium
1586 1701 1729 1754 dicendum
1742 1699 1931 1764 admittuntur,
1944 1699 2068 1769 primurn

2103 1497 2130 1538 11

365 1793 407 1836 44.
427 1792 469 1834 44.
488 1799 611 1853 praesens
630 1799 783 1855 comparere
802 1784 876 1848 relit,
896 1803 974 1838 nemo
1000 1795 1126 1850 tenetur,
1151 1804 1185 1842 ue
1235 1788 1348 1858 obligati
1369 1787 1480 1841 suntad
1502 1787 1885 1859 praestandum-juramentum
1905 1800 1959 1834 non
1979 1785 2066 1837 sulum

360 1885 412 1938 per
430 1875 626 1939 procuratorem
644 1866 765 1936 quidem,
783 1869 907 1938 quoniam
922 1870 1063 1941 illegitime
1074 1869 1137 1925 14444
1148 1872 1184 1922 ci·

361 1953 428 2006 tatio
446 1951 480 2004 de
496 1955 555 2022 jure
572 1952 673 2004 nullum
693 1951 772 2005 habet
788 1952 924 2020 4114444444,
940 1955 992 2020 itu,
1007 1965 1036 2008 ut
1049 1973 1132 2024 neque
1145 1955 1185 2010 41-

360 2047 445 2090 tatum
469 2035 610 2090 constituat
634 2035 663 2088 in
689 2053 778 2098 44444,
801 2053 885 2108 neque
909 2049 1047 2109 perpetuet
1071 2041 1181 2108 jurisdi-

361 2122 492 2185 ctionem,
512 2137 596 2190 neque
612 2121 826 2189 praeventionem
847 2121 966 2188 inducat,
986 2140 1007 2176 4.
1030 2136 1072 2177 24.
1097 2125 1131 2176 Χ.
1150 2123 1183 2178 14

362 2204 445 2278 offic.
457 2214 483 2259 44
492 2205 614 2280 pctjnd.
629 2203 682 2257 141.
702 2207 784 2275 Zaug.
804 2207 837 2260 14
849 2225 908 2261 444.
918 2227 943 2276 p.
961 2220 984 2261 4.
996 2225 1019 2261 4.
1035 2223 1059 2263 4.
1084 2228 1113 2262 44.
1143 2221 1183 2262 44.

360 2301 388 2345 44
406 2290 504 2343 ibidem
516 2287 604 2354 4144441,
623 2301 649 2344 44
665 2304 857 2359 consequenter
876 2308 960 2363 neque
982 2293 1087 2346 citatum
1119 2293 1186 2346 obli·

360 2382 402 2444 get
419 2373 451 2426 ed
469 2373 698 2443 competitionem.
718 2376 856 2440 Attamen,
875 2377 897 2428 si
917 2385 1013 2446 sponte
1038 2387 1066 2429 et
1093 2379 1185 2432 rolens

362 2469 531 2527 praesentem
551 2475 579 2512 44
597 2459 699 2512 44144414
718 2476 796 2525 reus,
820 2460 921 2514 tollitur
940 2463 993 2514 sola
1012 2461 1062 2516 144
1079 2480 1185 2535 compa-

364 2541 462 2596 ritione
479 2561 558 2597 omne
574 2545 669 2598 4141444
688 2547 844 2615 illegitimae
861 2549 1014 2612 citationis,
1035 2549 1051 2602 l.
1074 2559 1097 2603 t.
1116 2558 1137 2613 §.
1162 2561 1184 2602 t.

352 2625 393 2694 st.
412 2625 446 2679 14
456 2627 544 2696 serris
563 2639 589 2682 et
606 2647 672 2700 quae
692 2629 751 2702 ipso
768 2633 826 2701 jure
844 2643 899 2686 4444
919 2635 1044 2698 insolida,
1065 2635 1186 2708 protinus

361 2712 543 2766 cunralidatur
557 2715 632 2766 414441
654 2718 800 2786 praesentia
812 2755 821 2782 ,
842 2719 914 2771 Gail.
933 2720 951 2770 1.
975 2732 996 2774 t.
1015 2721 1072 2773 414.
1092 2733 1134 2775 44.
1160 2743 1187 2777 44.

364 2801 388 2844 4.
409 2795 460 2850 Du.
480 2794 582 2852 1144444.
602 2817 679 2868 proc.
697 2804 751 2854 civ.
769 2820 791 2855 4.
814 2817 837 2856 4.
857 2823 883 2856 n.
892 2802 952 2873 fin.
965 2807 1099 2878 Mynsiug.
1113 2819 1185 2862 44444.

364 2889 387 2931 4.
406 2879 460 2933 414.
482 2893 522 2934 44.
542 2883 622 2937 Recta.
642 2883 682 2937 rie.
704 2897 747 2938 44.
765 2903 791 2938 44.
814 2895 857 2941 44.

294 2972 324 3018 44
400 2963 539 3020 Caeterum
554 3005 561 3030 ,
581 2987 641 3021 curn
661 2971 764 3041 saepius
779 2973 836 3025 sine
849 2989 925 3026 causa
939 2972 966 3026 in
980 2973 1087 3043 judiciis
1101 2974 1189 3028 orian-

361 3050 499 3118 44411444,
518 3061 544 3106 et
563 3063 664 3107 tantum
690 3057 780 3110 auimo
807 3059 920 3110 sexaudi
947 3075 1085 3130 processus
1111 3059 1189 3112 insti-

368 3142 489 3199 tuantur,
508 3137 687 3204 jurameutum
705 3142 857 3196 calumniae
875 3143 940 3197 adeo
958 3145 1128 3199 necessitatis
1148 3144 1187 3200 14·

366 3225 436 3269 ctum
450 3231 502 3287 444,
514 3221 531 3271 1.
547 3232 570 3272 2.
582 3240 604 3277 c.
617 3226 650 3278 14
658 3225 777 3300 jurejnr.
786 3238 874 3298 propt.
886 3229 1005 3283 calumn.
1016 3231 1067 3284 Dn.
1081 3229 1184 3284 Brunu.

360 3299 391 3356 in
410 3305 482 3356 4444414.
501 3305 676 3376 principales.
691 3326 713 3361 c.
727 3310 759 3362 14
765 3309 847 3380 jurei.
862 3331 889 3364 n.
908 3322 948 3366 44.
960 3323 987 3366 44
1002 3329 1074 3386 seqq.
1089 3331 1187 3368 444444.

362 3385 457 3458 imper.
470 3391 503 3442 14
515 3407 591 3446 utine
607 3403 684 3446 4444.
697 3401 717 3458 §.
732 3397 798 3450 14144·
810 3395 896 3451 dieser
909 3398 1068 3454 4444414444
1087 3401 1145 3457 4414.
1155 3403 1191 3454 Ut

370 3469 436 3521 illud
456 3473 608 3544 neutiquam
627 3478 875 3550 possitapartibus
895 3482 1017 3548 remitti,
1040 3481 1112 3536 Gail.
1130 3485 1149 3536 l.
1167 3495 1186 3537 t.

292 3587 322 3634 ⁶,
365 3555 422 3610 414.
439 3568 480 3611 44.
492 3578 518 3612 n.
534 3573 555 3614 4.
575 3563 647 3617 11144
666 3581 770 3635 semper
788 3575 817 3619 et
835 3567 864 3618 in
884 3569 958 3620 omni
978 3585 1100 3640 processu
1113 3570 1182 3624 illud

364 3643 551 3711 praestandum
571 3647 599 3700 in
620 3650 768 3720 praesentia
787 3648 906 3719 judicis,
926 3661 1035 3720 petente
1053 3653 1186 3708 etitidern

365 3741 503 3796 praesente
521 3732 672 3790 aduersario
691 3737 732 3791 vel
750 3743 921 3807 procuratore
940 3738 1011 3804 ejus,
1037 3737 1053 3790 1.
1066 3749 1089 3794 2.
1103 3748 1129 3792 44
1140 3759 1189 3794 4444-

358 3815 443 3869 slent.
454 3815 631 3888 principales.
642 3822 672 3887 §.,
681 3833 690 3873 t
700 3861 706 3874 .
717 3831 744 3876 44
761 3841 814 3892 sep.
839 3839 863 3876 4.
888 3821 921 3875 14
937 3819 1025 3895 jurej.
1035 3833 1123 3895 propt.
1136 3825 1189 3878 4441.

366 3900 495 3956 11441441.
509 3901 534 3956 d.
548 3903 565 3955 1.
581 3903 621 3957 414.
634 3917 713 3958 sun.
729 3917 772 3972 to,

290 3985 320 4036 41
397 3986 437 4039 An
458 3997 546 4043 nutem
565 3990 601 4059 14,
621 3992 668 4061 qui
686 3994 867 4060 juramentum
886 3991 937 4046 boc
951 4003 1085 4063 praestare
1098 3993 1186 4062 debet,

369 4075 549 4144 personaliter
574 4092 700 4147 praesens
727 4091 784 4128 esse
814 4073 957 4130 tencatur?
984 4079 1082 4132 acriter
1115 4081 1187 4134 inter

361 4158 440 4210 ddres
452 4158 668 4212 controvertitur.
676 4159 790 4214 Plurimi
808 4160 983 4232 praesentiam
995 4161 1110 4231 jurantis
1122 4165 1186 4216 stri·

362 4255 413 4298 ete
431 4245 605 4296 necessarium
625 4259 681 4297 esse
698 4252 835 4310 asserunt,
853 4245 922 4316 quud
941 4255 1014 4298 actus
1034 4247 1072 4299 414
1096 4265 1186 4318 perso-

365 4327 534 4393 nalissimus,
565 4327 707 4399 qualeqnid
731 4329 859 4400 peculiari
883 4329 1068 4384 dissertatione
1095 4330 1186 4384 delen-

370 4412 487 4465 deudnm
507 4414 623 4486 suscepit
642 4416 708 4469 Just
719 4413 850 4485 Oldeiop.
861 4412 894 4468 de
900 4413 1020 4487 jurejnr.
1034 4413 1062 4466 in
1076 4414 1188 4468 ulterius

291 4527 320 4573 55
370 4497 511 4552 unimam:
525 4507 566 4550 nst
584 4499 713 4569 singulari
735 4507 846 4552 tractatu
865 4516 892 4551 44
906 4495 967 4551 huic
987 4499 1085 4552 iterum
1103 4517 1189 4569 oppu-

361 4585 416 4637 suit
434 4586 470 4638 dn
488 4585 571 4639 Gerb
592 4585 741 4637 Feltmann.
760 4584 793 4638 14
809 4583 894 4656 jurei.
923 4585 951 4637 in
977 4583 1026 4636 4414.
1053 4582 1184 4638 unimam.

364 4671 437 4738 cujm
455 4667 587 4722 sententia
608 4669 757 4725 communis
775 4678 801 4721 44
813 4668 841 4720 14
857 4669 933 4739 praxi
946 4671 1001 4738 jem
1016 4679 1122 4739 recepta
1135 4679 1185 4722 4444

363 4750 486 4805 rideatur
503 4752 596 4823 unpf.
608 4754 641 4808 14
649 4752 708 4822 jur.
720 4752 838 4806 cnlrrmrr.
850 4753 879 4824 in
895 4761 949 4805 444.
961 4751 1033 4804 Gail.
1053 4752 1071 4803 1.
1091 4763 1114 4804 4.
1128 4753 1185 4806 414.

362 4847 404 4888 44.
420 4837 519 4890 Sctser.
532 4837 565 4888 14
573 4837 677 4906 jurum.
689 4837 706 4887 t.
724 4847 746 4887 t.
758 4853 780 4888 c.
798 4843 838 4887 44.
852 4854 880 4888 n.
898 4846 937 4888 44.
953 4837 1028 4890 Zoes.
1054 4837 1087 4891 14
1107 4837 1184 4908 jure·
1200 4902 1201 4907 Ἰ

293 4964 327 5009 ,ὅ
358 4919 418 4994 jur.
437 4921 579 4974 4444114
599 4914 834 4973 Brunn.uddict.
855 4919 927 4971 444414.
944 4917 1056 4988 princip.
1085 4939 1113 4974 n.
1143 4935 1185 4978 44.

1234 1871 1264 1926 in
1284 1891 1397 1945 persona
1418 1873 1542 1944 propria,
1564 1869 1610 1924 sed
1635 1881 1661 1923 et
1687 1870 1715 1922 iu
1741 1869 1891 1940 praesentia
1915 1858 2016 1935 judicis
2038 1881 2069 1922 et
2104 1861 2137 1898 ¹¹²

1234 1959 1370 2027 partium,
1389 1959 1407 2010 t.
1431 1971 1474 2012 44.
1493 1955 1563 2010 414
1580 1954 1670 2008 444411.
1690 1952 1820 2005 11441441.
1835 1949 1945 2004 4111444.
1959 1949 2000 2003 ric
2021 1964 2065 2004 44.

1236 2061 1265 2096 n.
1285 2057 1309 2096 s.
1331 2044 1424 2114 Carpe.
1441 2045 1482 2096 414.
1506 2053 1547 2095 44.
1568 2045 1622 2104 ort,
1642 2046 1666 2088 4.
1684 2057 1713 2089 44.
1733 2038 1868 2106 st..Quae
1885 2035 1919 2087 ad
1951 2035 2003 2089 boc
2022 2057 2067 2090 ro-

1234 2140 1325 2183 cautnr
1348 2128 1487 2183 mediante
1501 2123 1628 2179 citetiune
1647 2119 1681 2174 ad
1701 2119 1844 2174 ridendum
1863 2121 1951 2186 jurare
1963 2131 1990 2174 et
2003 2140 2067 2193 pro-
2162 2117 2164 2158 i

1237 2212 1300 2268 duci
1322 2203 1976 2277 444444,844444.4.·4444.24.4.44.141414144
2004 2207 2066 2278 ipso
2101 2219 2125 2259 rt
2163 2197 2164 2200 ¹

1236 2301 1317 2354 etiam
1340 2295 1495 2352 testimonio
1516 2292 1632 2347 diceudo
1651 2307 1741 2346 rerera
1760 2297 1842 2342 444444
1861 2301 2011 2359 praesentes
2037 2311 2066 2344 o

1238 2393 1327 2453 portet
1346 2397 1417 2445 esse,
1436 2379 1482 2432 ubi
1503 2377 1552 2430 boc
1571 2378 1687 2446 144444
1711 2369 1925 2426 antecedentibus
1948 2383 2062 2426 constat

1236 2466 1314 2522 Urade
1343 2465 1456 2519 minime
1481 2471 1610 2534 possunt,
1643 2459 1707 2512 licet
1725 2453 1810 2528 quoad
1830 2471 1970 2526 personum
1990 2474 2064 2511 4444444

1239 2569 1328 2608 resera
1348 2549 1454 2616 adsint,
1474 2544 1672 2600 interueniente
1683 2541 1814 2612 scriptura
1828 2541 2011 2596 testimonium
2025 2543 2065 2594 11-

1240 2655 1314 2700 cere,
1333 2653 1356 2688 4.
1367 2642 1455 2686 testes.
1481 2643 1505 2685 4.
1519 2651 1544 2702 q.
1559 2646 1583 2687 s.
1603 2626 1716 2696 lleriup.
1731 2623 1889 2698 14111414.
1906 2634 1948 2677 44.
1965 2645 1996 2678 44.
2024 2637 2065 2679 24.

1240 2732 1267 2776 44
1283 2739 1355 2792 seqq.
1375 2717 1446 2770 Gail.
1467 2716 1487 2767 1.
1505 2727 1526 2768 4.
1539 2714 1596 2767 414.
1614 2724 1672 2766 444.
1686 2728 1714 2763 44.
1740 2719 1782 2762 24.
1801 2711 1927 2763 Wurnas.
1943 2727 1985 2782 pr.
2011 2711 2067 2765 ola.

1240 2809 1259 2860 t.
1277 2819 1299 2860 4.
1315 2807 1356 2857 444.
1375 2813 1413 2856 44.
1426 2803 1483 2858 414.
1498 2813 1538 2854 44.
1557 2796 1684 2868 qnoniam
1703 2811 1737 2848 ex
1755 2793 1825 2846 rocis
1844 2793 2067 2864 pronunciatione
2100 2802 2124 2839 44

1241 2893 1339 2963 absque
1358 2889 1489 2960 scriptura
1509 2883 1614 2940 facilius
1633 2877 1847 2952 deprehenditur
1865 2901 1879 2933 a
1897 2878 1987 2948 judice
1999 2877 2068 2933 fides

1242 2975 1391 3035 testimonii
1413 2991 1446 3028 44
1466 2971 1503 3026 414
1522 2969 1594 3023 44414
1613 2967 1652 3021 441
1672 2972 1791 3037 suspecta
1803 2959 1815 3014 1
1827 2979 1889 3016 cuns
1904 2979 1952 3036 per
1966 2963 2067 3035 scripta

1242 3065 1316 3120 testis
1341 3060 1499 3132 respondeat
1525 3051 1716 3128 praemeditato
1749 3065 1894 3113 sermone,
1926 3047 2066 3104 Coram,

1239 3149 1337 3206 carior.
1356 3162 1408 3199 444.
1427 3144 1446 3194 1.
1467 3153 1492 3194 4.
1510 3160 1533 3194 4.
1554 3152 1594 3192 44.
1614 3155 1641 3189 44.
1663 3148 1686 3188 4.
1700 3133 1839 3188 4411114444
1856 3135 1901 3188 cit.
1918 3133 2063 3207 Exceptio·
2101 3137 2127 3176 tt

1240 3250 1301 3287 nem
1321 3244 1405 3288 4444444
1420 3227 1488 3280 14444
1502 3223 1642 3295 aliquando
1656 3222 1809 3294 patiuntur,
1822 3219 1952 3292 inprimis
1965 3221 1995 3274 in
2009 3237 2068 3292 per-

1239 3317 1311 3374 sonis
1331 3313 1498 3376 illustribus,
1528 3309 1693 3372 baronibus,
1714 3303 1866 3370 nubilibus,
1886 3303 2014 3371 ddribna,
2033 3307 2066 3357 li·

1238 3398 1382 3466 nuntiatis,
1401 3394 1532 3450 matronis
1555 3392 1664 3454 4111444,
1690 3391 1714 3444 41
1733 3401 1853 3459 ,4444444,
1874 3389 1992 3442 moribus
2023 3393 2068 3444 rel

1238 3487 1319 3543 etiam
1338 3501 1372 3537 ex
1390 3483 1442 3536 alia
1453 3495 1534 3534 causa
1546 3475 1712 3530 contrarium
1727 3473 1908 3528 introductum
1923 3474 1968 3540 sit,
1980 3473 2066 3528 Rosb.

1237 3573 1263 3628 d.
1282 3571 1300 3624 1.
1319 3589 1347 3624 n.
1369 3580 1408 3622 44.
1431 3561 1614 3619 4411411414.
1633 3561 1652 3613 l.
1669 3567 1697 3615 et
1714 3557 1812 3612 144144.
1832 3557 2003 3630 14444114.
2019 3569 2064 3612 44.

1237 3659 1287 3712 Jns
1304 3653 1422 3727 provinc.
1443 3649 1554 3702 Prutcn.
1572 3645 1591 3696 1.
1614 3654 1636 3697 4.
1656 3651 1676 3695 4.
1696 3653 1737 3696 44.
1757 3652 1811 3696 ert.
1831 3639 1895 3712 45
1917 3651 1941 3693 2.

1274 3737 1406 3792 Praestito
1431 3735 1581 3804 incremento
1592 3727 1711 3798 partium
1724 3727 1876 3797 praesentia
1887 3725 2003 3794 amplius
2016 3742 2062 3778 ne·

1238 3822 1352 3880 cessaria
1370 3836 1425 3874 non
1443 3826 1500 3883 444,
1521 3815 1567 3869 441
1586 3823 1718 3883 coguntur
1736 3819 1800 3863 tunc
1827 3809 1964 3875 recedere,
1991 3811 2064 3879 qnod

1238 3907 1317 3979 prasi
1336 3905 1365 3957 in
1385 3901 1487 3956 nostris
1505 3897 1614 3968 judiciis
1632 3895 1788 3949 obsecratur
1804 3903 1894 3945 contre
1912 3893 1955 3956 ins
1971 3892 2065 3954 eicite,

1239 4009 1306 4046 nou.
1321 4000 1363 4042 44.
1375 3987 1435 4058 uf.-
1446 3994 1472 4038 44
1483 3984 1559 4040 corb.
1571 3980 1621 4035 441
1632 3990 1659 4034 44
1669 3985 1697 4034 44
1707 3977 1767 4032 cod.
1780 3979 1813 4031 14
1826 3977 1915 4030 444411.
1928 3977 1947 4028 1.
1976 3987 2018 4027 ts.
2038 3994 2061 4029 c.

1238 4071 1336 4146 deside
1349 4071 1475 4126 instrum.
1496 4066 1592 4135 Hillig.
1610 4065 1628 4117 1.
1650 4073 1693 4116 44.
1710 4079 1735 4118 4.
1743 4061 1803 4132 fin.
1822 4062 1860 4114 114.
1880 4075 1903 4111 r.
1921 4073 1944 4112 s.
1973 4058 2062 4112 1114·

1239 4171 1283 4215 444
1302 4157 1347 4210 14.
1370 4155 1474 4210 Brunn.
1489 4169 1564 4226 proc.
1582 4151 1637 4205 4144.
1654 4167 1677 4202 4.
1698 4157 1740 4202 44.
1759 4166 1786 4202 n.
1805 4159 1847 4201 44.
1866 4164 1898 4199 44
1932 4143 2001 4199 144444
2024 4155 2063 4200 te·
2097 4147 2122 4190 ²⁶

1236 4255 1290 4299 stes
1310 4252 1382 4294 metu
1402 4240 1488 4312 partis
1508 4235 1655 4308 praeseutia
1673 4233 1815 4305 quicquum
1842 4231 2063 4296 relttreticeant,

1237 4334 1278 4386 rel
1298 4332 1326 4384 in
1346 4329 1462 4382 furorem
1481 4323 1564 4397 partis
1590 4323 1671 4377 aliter
1695 4318 1842 4391 proferant.
1865 4317 1974 4369 Debent
1994 4333 2074 4406 erpe'
2094 4313 2119 4352 ⁷¹

1238 4418 1292 4489 ipsi
1313 4419 1394 4472 ctiam
1416 4424 1496 4466 testes
1516 4411 1585 4464 inter
1603 4423 1632 4460 44
1649 4407 1716 4457 41444
1735 4412 1762 4457 44
1780 4401 1936 4470 singulatim
1959 4411 2061 4454 secreto

1237 4505 1293 4557 locu
1311 4499 1476 4565 examinari,
1495 4507 1524 4548 nt
1543 4501 1618 4546 teuto
1637 4489 1691 4544 siut
1715 4487 1875 4549 liberiores,
1901 4505 1925 4540 4.
1955 4494 2000 4537 42.
2025 4488 2060 4540 Χ.

1235 4586 1269 4642 14
1282 4585 1370 4643 444411.
1386 4593 1413 4638 44
1431 4589 1521 4638 4444444.
1538 4575 1673 4632 11441441.
1692 4591 1715 4627 4.
1736 4585 1776 4627 44.
1795 4591 1823 4624 44.
1845 4583 1868 4622 2.
1883 4573 1910 4624 in
1936 4589 2061 4642 praesen-

1237 4673 1274 4726 tia
1293 4669 1413 4740 judicis,
1431 4665 1475 4717 cni
1495 4661 1545 4716 soli
1565 4659 1628 4712 baec
1647 4657 1758 4710 facultas
1777 4655 1917 4726 competit,
1928 4656 2056 4724 quoniam

1235 4767 1309 4811 actus
1327 4755 1372 4807 hic
1390 4763 1429 4806 est
1444 4746 1581 4819 judicalis,
1601 4759 1667 4797 nov.
1689 4753 1731 4796 44.
1745 4763 1768 4798 4.
1784 4739 1915 4809 4.(1444444.
1930 4757 2008 4810 proc.
2022 4740 2061 4792 414.

1238 4856 1276 4896 44.
1294 4849 1344 4892 444.
1366 4849 1389 4891 4.
1408 4855 1436 4890 n.
1455 4845 1500 4888 44.
1518 4833 1558 4885 441
1577 4829 1686 4901 jubente
1704 4825 1810 4897 iudice,
1831 4841 1919 4879 444444
1961 4826 2063 4879 notario
2095 4816 2119 4852 ²¹

1234 4937 1281 4983 aut
1298 4919 1502 4988 commissariis,
1524 4915 1635 4973 remotis
1654 4923 1743 4967 tamen
1764 4909 1859 4964 itidem
1877 4910 2059 4963 omuibusar·
2096 4913 2119 4951 ts

2104 3712 2126 3750 ts

364 5005 410 5075 qui
441 5004 521 5057 simul
547 5003 641 5068 addit,
667 5019 744 5075 posse
768 5001 925 5073 quandoque
949 5001 1065 5072 judicem
1092 5005 1183 5078 ipsum
1233 5003 1674 5066 11441444444411444414144444
1700 4997 1775 5068 perri
1801 4995 1930 5050 momenti
1956 4997 2008 5060 sit,
2034 5003 2061 5047 44

365 5088 546 5158 principalem
566 5086 665 5154 citare,
685 5086 754 5139 4414
767 5101 880 5157 persona
899 5105 1025 5158 praesens
1041 5091 1093 5146 hoc
1112 5095 1184 5164 jure·

365 5181 486 5226 mentum
507 5171 637 5243 deponat,
657 5171 681 5224 41
700 5171 753 5242 lpsi
772 5171 905 5226 44444414
924 5175 1029 5241 444144,
1050 5195 1145 5249 erpo.
1158 5190 1183 5232 s.

365 5257 397 5310 ll.
412 5257 444 5310 14
450 5257 557 5331 jurum.
570 5257 690 5313 column.
721 5266 748 5310 et
764 5273 813 5327 per
831 5275 877 5322 ea,
894 5275 960 5330 qnae
980 5259 1061 5317 tradit
1086 5262 1182 5334 Hillig.

369 5345 388 5397 t.
402 5354 444 5396 24.
469 5363 493 5399 4.
520 5357 543 5398 4.
569 5343 601 5397 114
611 5343 635 5398 i.
653 5343 766 5415 quisque
784 5343 858 5398 441444
877 5364 980 5401 causant
1000 5349 1138 5420 propriant
1159 5361 1185 5406 et

363 5430 462 5484 merita
481 5431 536 5498 ejus
555 5427 653 5482 melius
672 5428 739 5481 44144
764 5433 959 5502 praesumitur,
985 5451 1064 5503 quern
1089 5451 1185 5503 procu-

368 5525 457 5578 ratur,
474 5513 529 5568 rid.
547 5516 564 5566 l.
587 5526 627 5567 44.
645 5519 667 5578 t.
688 5523 712 5577 2,
729 5509 763 5584 ffi
780 5513 939 5571 deuotione
956 5529 1152 5582 rerumcmct.

296 5637 326 5681 Η
402 5600 489 5668 lpsnm
507 5598 583 5652 litem
601 5607 762 5653 contestatur
775 5615 835 5654 rcus
847 5601 888 5654 rel
902 5617 950 5672 per
964 5619 1008 5666 se,
1022 5601 1045 5653 si
1058 5619 1182 5673 praesens

367 5683 464 5750 fuerit,
484 5685 523 5737 rel
542 5701 592 5755 per
609 5693 803 5756 procuratorem
821 5683 850 5738 14
864 5701 923 5739 cusu
937 5683 1082 5739 absentiae.
1098 5685 1183 5758 Atque

1237 5095 1337 5154 modici
1355 5089 1534 5167 praejudicii,
1549 5084 1682 5141 Rosbacb.
1700 5082 1746 5139 414.
1765 5081 1815 5136 144.
1834 5097 1894 5134 cum
1916 5080 1976 5134 talis
1998 5099 2059 5134 444-

1237 5178 1367 5246 minatio,
1387 5177 1453 5229 licet
1469 5173 1558 5245 palam
1576 5182 1602 5226 et
1619 5169 1648 5222 iu
1672 5166 1824 5239 praesentia
1848 5166 1963 5218 aliorum
1994 5162 2054 5217 14444

1237 5266 1342 5330 fuerit,
1360 5263 1464 5317 nullum
1482 5257 1582 5312 inierat
1601 5261 1703 5306 metum
1720 5249 1781 5304 14141
1798 5250 1959 5304 testimonii·
1973 5249 2054 5320 Qrtid,
2091 5231 2117 5269 ⁸⁰

1235 5349 1309 5421 quod
1328 5345 1466 5403 interdurn
1483 5347 1557 5414 juset
1576 5335 1752 5411 praesentiam
1773 5334 1812 5386 rei
1835 5333 1984 5399 adbibere,
2017 5335 2057 5386 iu·
2163 5337 2164 5346 ¹

1235 5435 1351 5508 primis,
1369 5433 1393 5488 si
1410 5429 1542 5502 judicium
1555 5427 1593 5480 414
1603 5421 1761 5485 4414144144
1774 5417 1839 5471 1144
1858 5419 1970 5473 multum
1983 5437 2056 5472 cnm-
2163 5455 2164 5506 3

1236 5521 1310 5578 modi
1328 5521 1358 5575 iu
1377 5514 1563 5574 criminalibus
1575 5507 1665 5566 411444
1674 5501 1871 5569 4441444444ιί4,
1883 5503 1933 5573 (de
1944 5519 1995 5574 qua
2008 5502 2059 5557 rid.
2163 5517 2164 5524 2

1235 5608 1331 5663 Tabor.
1350 5605 1384 5661 de
1400 5597 1625 5671 confrontotione
1641 5611 1668 5666 p.
1689 5601 1712 5646 4.
1732 5595 1754 5654 ς.
1775 5593 1836 5656 44.)
1856 5606 1916 5642 cum
1927 5600 2006 5643 testes
2020 5587 2057 5642 rel
2163 5657 2164 5666 ἵ

1236 5698 1309 5749 44444
1328 5708 1371 5760 sc,
1391 5687 1431 5746 rel
1450 5701 1509 5740 curn
1528 5699 1573 5736 reo
1592 5687 1736 5752 praesente
1754 5674 1961 5745 conjunguntur,
1982 5681 2007 5724 et
2026 5671 2057 5724 14
2163 5743 2164 5746 ¹
