4442 6308
399 239 454 306 ⁴⁵⁵
975 225 1164 286 nrsrorar.
1183 231 1218 286 x.
1236 230 1354 288 orror
1372 233 1419 290 tv.
1765 192 1771 202 ’
1937 228 1989 295 rso

346 333 412 388 riter
429 328 455 384 sl
473 339 585 401 propter
602 345 726 400 guerram
739 329 877 401 publicam
894 327 1054 386 commercia
1071 323 1172 380 nandi·
1227 326 1296 382 ΙΝΙ.
1317 329 1359 396 jus
1376 327 1455 383 civile
1473 345 1566 402 magns
1586 327 1668 401 glorta
1683 327 1820 400 protessus
1837 336 1892 393 est,
1910 336 1953 393 ot,
1970 328 2045 396 cnjus

343 415 416 470 nelis
433 413 610 480 cessaverint,
627 414 799 486 privilegium
810 417 992 472 nundinarum
1006 415 1105 470 ulrum
1119 429 1174 465 ms·
1224 410 1403 468 conditionem
1417 452 1428 481 ,
1452 414 1572 486 jurisque
1595 413 1738 469 scientiam
1756 413 1859 467 imitari
1877 429 1930 466 non
1949 412 2045 484 potui,

343 508 407 566 net,
426 498 511 553 etism
529 497 553 553 si
571 516 603 554 eo
621 499 691 554 ultra
709 500 851 557 bominum
867 503 1041 558 memoriam.
1058 499 1099 554 rel
1111 496 1172 550 mil·
1223 499 1281 565 eins
1300 499 1389 554 imiter
1407 497 1564 555 modestiam
1578 519 1585 551 c
1598 500 1738 556 itssutem·
1750 499 1797 554 ille
1816 498 1862 552 n't.
1877 506 1902 552 t.
1913 513 1987 552 cons.
2001 506 2043 549 tt.

343 583 371 641 le
389 601 475 639 runos
495 583 592 640 civitas
611 601 666 639 non
685 584 724 641 sit
739 605 802 654 ass,
820 586 894 642 erit.
912 589 957 642 lib.
977 597 1002 640 a.
1013 586 1072 640 als.
1086 595 1129 637 oo.
1143 600 1171 635 n.
1222 581 1323 638 Baldus
1343 585 1376 640 cle
1401 603 1426 654 p.
1444 582 1619 656 r'gnerantiae
1636 583 1761 640 inimicus
1773 581 1898 648 alienae,
1917 579 2047 635 inimicit·

350 678 372 722 t.
388 667 539 724 Rrecbbac.
548 687 577 742 p.
588 678 613 722 2.
627 689 652 742 q.
668 679 710 724 tt.
723 689 752 726 n.
769 667 1068 729 manutenenda
1086 667 1172 724 eund.
1221 669 1306 724 simus
1322 686 1409 734 suae,
1426 679 1545 742 paratus
1555 672 1661 741 corrigi
1671 691 1689 726 a
1703 687 1884 742 quonamque,
1897 667 2045 722 comerio·

347 769 409 826 cap.
430 763 472 808 ta.
489 756 514 822 ς.
533 764 559 806 t.
576 773 607 809 n.
626 767 666 809 ts.
1222 771 1271 808 ner
1283 757 1391 826 ponens
1406 754 1524 809 libenter
1540 765 1568 808 ct
1586 754 1682 809 humili
1697 757 1807 810 animo:
1826 754 1893 826 quio
1913 753 2048 826 ignorare

383 841 471 912 Atque
489 839 644 906 istasunt,
671 838 800 896 omerus
814 842 921 908 lector,
943 856 1011 912 qtrsc
1033 834 1114 890 elim
1135 831 1170 887 tie
1221 857 1281 894 non
1298 850 1340 894 est
1358 840 1474 907 uitium,
1493 841 1541 895 sed
1558 849 1668 895 natura.

343 942 399 980 non
418 939 469 978 usu
485 923 538 978 tibi
556 923 685 979 exhibere
701 926 824 994 angustis
836 925 964 998 temporis
975 920 1107 996 permisit·
1125 917 1172 970 rt-

346 1007 394 1062 nio
412 1005 512 1077 igitur,
530 1014 558 1060 et
575 1006 685 1076 quidem
705 1007 793 1062 serbis
810 1009 889 1064 Baldi
908 1008 943 1063 ds
958 1005 1070 1062 tibaldis
1094 1002 1172 1058 nobi·
1541 1005 1564 1058 p
1582 1007 1595 1062 l
1613 1006 1638 1060 ll
1656 1005 1669 1058 l
1689 1006 1729 1060 S⁸¹

351 1092 386 1144 lis
409 1089 553 1154 Perusini,
570 1089 628 1144 leti
646 1101 701 1146 toto
717 1092 785 1147 orbe
803 1092 994 1160 celeberrimi,
1016 1089 1064 1163 qni
1087 1105 1169 1143 snnos
1291 1135 1294 1142 .
1716 1095 1718 1098 '

726 1341 1203 1421 ntsrurn‘rto
1253 1341 1645 1420 UNDECIMA

561 1557 664 1674 uu
700 1555 960 1674 aunan
994 1554 1408 1670 uaesanae
1441 1493 1823 1680 ennoean,

935 1826 990 1868 ure
1011 1823 1150 1889 maran,
1173 1824 1257 1868 runo
1280 1824 1455 1868 nocnxxxr.

999 2000 1395 2042 ΙΙΗθΝΒΗΗῚ

862 2149 992 2220 erro
1014 2149 1193 2221 osone.
1218 2147 1285 2214 nn
1308 2145 1551 2232 assason,

1053 2280 1137 2352 eoo.
1156 2275 1340 2334 murata.

915 2469 1475 2516 W

1008 2723 1388 2819 ennooonron.

357 2937 502 3066 Fidem
527 2987 646 3055 stabile
670 2997 704 3052 et
727 2998 901 3052 aeternum
923 2982 1030 3052 iacere
1045 2983 1246 3075 imperium,
1266 2985 1334 3086 jam
1349 2980 1430 3048 olim
1448 2985 1587 3052 assernit
1603 2983 1755 3054 Curtius.
1779 2985 1921 3079 Quippe
1944 2987 2046 3056 tidem

358 3086 386 3151 si
410 3077 599 3162 sustuleris,
624 3077 799 3146 vinculum
821 3097 944 3159 omne,
968 3099 1035 3170 quo
1056 3077 1145 3142 cives
1168 3073 1313 3164 principi
1329 3075 1476 3140 constrin
1503 3089 1624 3159 untur,
1644 3077 1745 3144 simul
1766 3079 1860 3144 tollas
1876 3103 2044 3146 necessum

359 3190 422 3240 est.
445 3169 518 3238 Imo
542 3169 734 3238 fulcimenta
760 3167 860 3234 totius
883 3166 1030 3258 reipubl.
1055 3177 1218 3256 pereunt3
1242 3161 1373 3255 quihus·
1395 3098 1600 3232 labeiirctatis
1631 3191 1699 3234 non
1728 3170 1833 3260 magis
1860 3169 1948 3236 salva
1975 3193 2047 3238 esse

358 3262 483 3354 poterit
505 3259 656 3351 respubl.
680 3283 784 3350 quam
806 3255 981 3325 subductis
1004 3269 1087 3325 tecta
1110 3255 1289 3324 columnis.
1312 3253 1398 3319 Tam
1423 3254 1556 3348 insigne
1579 3280 1658 3325 vero
1681 3259 1822 3350 reipubl.
1842 3257 2044 3352 praesidium

358 3377 433 3420 eum
458 3353 495 3418 in
518 3349 583 3417 fide
607 3349 828 3417 constitutum
851 3347 1006 3416 viderent
1030 3347 1130 3439 prisci
1152 3343 1364 3436 rerumpubl.
1382 3345 1618 3432 moderatores,
1634 3349 1765 3417 solliciti
1782 3375 1885 3443 qoam
1902 3351 2047 3418 maxime

357 3445 507 3523 suerunt,
539 3451 579 3507 nt
599 3439 641 3505 ad
664 3439 764 3506 fidem
789 3439 934 3506 sanctius
954 3437 1128 3506 colendam
1152 3435 1323 3504 beneficiis
1394 3458 1482 3530 oque
1510 3437 1682 3506 allicerent
1710 3442 1798 3527 illos,
1828 3467 1869 3508 ex
1924 3463 2045 3509 uorum

358 3534 485 3602 virtute
507 3549 542 3598 et
564 3531 759 3597 intemerata
781 3529 941 3597 fidelitate
963 3528 1067 3597 denua
1080 3542 1115 3596 et
1130 3541 1284 3596 tutamen
1296 3525 1367 3617 pub
1383 3529 1431 3593 ico
1448 3529 1538 3594 bono
1560 3529 1714 3598 aceedere
1737 3555 1827 3622 posse
1850 3463 2043 3600 cie‘iebant.

361 3622 478 3690 Feuda
502 3645 543 3690 eo
565 3623 703 3687 nomine
725 3622 921 3703 constituta,
945 3637 978 3686 et
1000 3641 1148 3688 concessa
1172 3618 1256 3699 illis,
1280 3640 1367 3709 quos
1383 3618 1419 3683 in
1435 3618 1673 3711 speeiefideles
1689 3623 1879 3713 capiebant.
1896 3620 1996 3689 Unde
2012 3641 2046 3690 et

362 3711 579 3782 eminentiori
605 3710 701 3778 modo
712 3709 844 3818 fideles
866 3710 1029 3778 dixerunt
1051 3710 1142 3791 illos,
1165 3710 1226 3866 qui
1249 3719 1381 3799 accepto
1405 3707 1566 3778 beneficio
1588 3711 1685 3779 fidem
1710 3725 1742 3779 et
1759 3712 2044 3781 servitiadonrino

361 3805 593 3898 promiserant.
619 3802 727 3869 Sicuti
752 3826 831 3869 vero
854 3800 953 3868 tidem
977 3802 1089 3870 datam
1114 3799 1178 3867 sele
1194 3800 1270 3866 iisse
1292 3799 1449 3866 omnibus
1465 3800 1502 3865 in
1518 3801 1710 3869 universum
1735 3803 1930 3872 hominibus
1945 3822 2045 3894 turpe

362 3895 491 3983 visnm3
515 3896 561 3960 ita
586 3915 625 3959 eo
648 3893 782 3984 gravius
805 3893 870 3959 erit
893 3893 1015 3976 scelus,
1038 3891 1138 3958 fidem
1164 3907 1297 3982 propter
1319 3902 1489 3982 acceptum
1512 3893 1678 3986 singulare
1707 3895 1902 3962 heneficium
1932 3893 2042 3962 dotans

361 3984 525 4054 fefellisse.
549 3982 737 4075 Eapropter
756 3988 828 4051 ‘ure
844 3983 969 4050 feudali
992 3981 1174 4050 admodum
1198 3980 1372 4048 constricta
1397 3979 1548 4048 fidelium
1578 3982 1630 4049 vel
1657 3985 1868 4052 vassallorum
1898 3983 2046 4052 conditio

361 4089 428 4162 est3
452 4075 548 4160 adeo,
573 4092 613 4140 ut
635 4071 728 4166 quod
751 4009 822 4142 leve
845 4074 982 4166 saepius
1003 4073 1111 4140 videri
1135 4085 1264 4162 poterat
1279 4071 1455 4154 delictum,
1478 4070 1572 4138 leudi
1605 4075 1789 4164 privatione
1819 4075 2043 4166 puniendum.

362 4163 495 4234 Scilicet
518 4191 536 4232 a
560 4163 743 4232 levioribus
767 4165 906 4232 violatae
930 4165 1008 4232 fidei
1032 4163 1169 4230 indiciis
1191 4161 1354 4230 arcendus
1377 4161 1444 4228 suit
1467 4163 1645 4246 vassallus,
1667 4189 1739 4256 quo
1762 4167 1865 4258 tnagis
1888 4165 1925 4234 iu
1947 4167 2043 4249 aliis,

362 4281 448 4350 quae
470 4255 513 4324 ad
537 4254 713 4348 publicum
734 4257 895 4324 interesse
912 4253 1148 4350 pertinebant,
1165 4277 1237 4320 eam
1254 4271 1398 4322 servaret
1411 4251 1589 4320 illibatam.
1603 4251 1691 4322 Cum
1710 4279 1788 4324 vero
1803 4269 1838 4324 et
1858 4257 1895 4322 iu
1917 4259 2045 4348 optimo

361 4345 520 4430 ,vassallo,
544 4347 604 4439 qui
630 4365 772 4416 sanctam
802 4342 883 4414 alias
912 4345 1137 4440 jurisjurandi
1165 4343 1361 4434 religionem
1390 4343 1504 4435 cupit,
1532 4369 1600 4436 qua
1630 4348 1785 4436 princeps
1811 4349 1926 4437 ipsum
1953 4358 2047 4415 tenet

362 4437 580 4522 obstrictum,
604 4438 717 4528 lapsus
740 4438 840 4506 etiam
863 4437 1029 4532 inopinati
1052 4436 1245 4526 contingere
1270 4437 1415 4525 possint,
1444 4435 1488 4501 ob
1512 4460 1596 4528 quos
1620 4437 1779 4505 beneficio
1796 4437 1980 4529 privandus
1995 4439 2062 4505 vi·-

363 4527 499 4597 deatur:
523 4528 698 4596 elementia
722 4541 834 4595 nmen
857 4531 1050 4620 principum
1072 4525 1285 4616 aliorumque
1309 4525 1401 4593 leudi
1425 4523 1637 4593 dominorum
1665 4529 1796 4619 saepius
1823 4529 1964 4620 gratiam
1992 4529 2047 4594 iu·

283 4611 286 4622 ’
363 4617 494 4710 dulget,
519 4631 553 4685 et
576 4641 716 4709 porum
740 4619 868 4710 alioqui
893 4621 1043 4687 meritam
1068 4616 1219 4684 remittit.
1235 4613 1372 4708 Quippe
1395 4616 1491 4684 decet
1514 4617 1687 4710 principes
1704 4643 1806 4712 quam
1823 4617 1965 4684 maxime
1980 4618 2047 4686 ele·

365 4709 509 4790 mentia,
533 4733 600 4799 qua
624 4711 821 4801 tempestive
844 4709 1010 4790 adbibita,
1033 4705 1181 4798 reipubl.
1214 4705 1458 4775 conservandae
1485 4709 1617 4798 saepius
1633 4709 1721 4800 -plus
1753 4727 1911 4801 prosunt,
1943 4731 2044 4800 quant

365 4795 474 4888 rigide
497 4800 641 4866 nimiam
667 4821 788 4891 poenas
811 4797 984 4892 exigendo.
1008 4798 1086 4890 Qua
1107 4797 1284 4865 clementia
1299 4822 1378 4864 eum
1400 4797 1491 4866 haud
1514 4823 1587 4866 raro
1611 4801 1706 4866 venia
1724 4797 1867 4867 vassallis
1883 4821 1949 4867 non
1967 4801 2046 4864 ubi-

367 4911 435 4979 que
458 4886 557 4954 fidem
582 4891 777 4980 promissam
802 4891 1011 4958 servantibus
1033 4887 1171 4956 concedi
1196 4887 1314 4974 soleat,
1336 4888 1424 4956 mibi
1447 4889 1527 4958 haee
1550 4893 1686 4956 materia
1714 4891 1755 4958 de
1784 4891 1883 4982 culpa
1911 4889 2048 4958 vassallo

370 4977 504 5046 remissa
527 4977 562 5044 di
588 5001 629 5044 na
653 4981 720 5047 visa
744 4979 831 5064 suit,
854 4981 897 5047 de
919 5003 985 5075 qua
1008 4979 1145 5074 publice
1159 4979 1385 5048 dissereretur.
1405 4979 1497 5048 Hine
1511 5003 1586 5048 cum
1604 4977 1740 5074 juberer
1756 4982 1896 5062 abillis,
1921 4981 2047 5088 quibus

365 5091 484 5161 parere
512 5001 594 5135 miii
619 5068 813 5164 gloriaest,
837 5073 1031 5166 quibusque
1054 5069 1241 5139 studiorum
1266 5095 1418 5138 meorum
1443 5069 1609 5139 reddenda
1633 5070 1699 5139 suit
1721 5073 1821 5160 ratio,
1844 5071 1965 5141 tabons
1981 5096 2046 5140 mer

368 5156 548 5225 academici
571 5159 710 5252 aliquod
733 5161 867 5231 ederes
911 5164 1036 5250 cimon,
1083 5161 1168 5230 rimo
1190 5159 1302 5228 statim
1325 5161 1454 5231 intuitu
1476 5159 1680 5232 nobilissima
1709 5161 1789 5230 haee
1812 5163 1950 5232 materia
1977 5186 2048 5230 sese

367 5247 502 5320 obtulit.
551 5272 625 5316 uam
638 5251 778 5343 proinde
787 5275 826 5320 eo
835 5188 1006 5322 lulintius
1019 5185 1254 5320 etalsorandam
1263 5253 1408 5356 suscepi,
1417 5269 1544 5345 quanto
1554 5252 1814 5434 frequentiorem
1823 5254 1922 5322 bodie
1932 5253 1968 5321 in
1980 5252 2050 5320 loro

369 5363 467 5408 usum
491 5339 531 5408 ba
559 5353 609 5421 et,
633 5354 666 5408 et
689 5365 792 5434 quam
816 5345 919 5438 magis
941 5343 1057 5412 eadem
1080 5339 1254 5422 nobilibus
1276 5360 1362 5410 scitu
1385 5343 1575 5411 necessaria.
1636 5343 1701 5412 uod
1725 5345 1753 5414 si
1778 5367 1856 5414 vero
1878 5346 1915 5412 h.
1938 5345 1964 5412 l.
1981 5366 2049 5410 non

317 5507 321 5513 φ
367 5431 480 5498 omnia
505 5429 613 5521 palato
635 5443 694 5499 tuo
716 5433 901 5522 arrideant,
930 5458 992 5503 nec
1020 5435 1057 5500 in
1085 5434 1243 5502 omnibus
1269 5457 1401 5504 mecum
1430 5433 1645 5502 sentiendum
1673 5435 1859 5519 existimes,
1887 5436 1970 5506 scias
1998 5458 2050 5502 rue

368 5527 525 5614 juvenem
549 5545 632 5603 esse,
657 5546 723 5590 non
747 5523 890 5593 docendi
913 5525 971 5594 sed
993 5523 1141 5594 discendi
1166 5523 1346 5616 cupidum-3
1368 5535 1403 5592 et
1425 5523 1505 5591 hinc
1530 5523 1667 5593 meliora
1691 5524 1841 5594 edoctum
1864 5526 2051 5594 sermatiae

367 5611 491 5680 seriori
514 5625 546 5679 et
568 5615 721 5708 aequiori
743 5612 974 5686 lubentissime
995 5617 1278 5709 subscripturum.
1303 5615 1345 5684 ln
1368 5616 1506 5684 caeteris
1526 5617 1556 5684 si
1578 5615 1664 5686 sorte
1686 5627 1817 5708 praeter
1830 5617 2055 5685 intentionenr
