4402 6284
195 276 231 349 89
725 274 773 330 DE
792 273 985 331 COLLECTIS
1004 273 1051 330 EX
1069 273 1169 332 tuets
1188 290 1247 333 ιιι.
1743 307 1779 360 9⁰

142 375 252 432 Confer.
274 374 419 430 dissertat.
445 375 570 431 Heinsio.
596 374 691 430 Klnck.
711 374 744 428 de
769 375 960 445 vectigalium

89 479 103 518 ι
144 463 181 518 td.
202 475 224 516 ι.
243 463 302 533 Quo
320 474 406 520 autem
426 464 475 517 hae
493 465 619 517 collectae
637 461 784 515 sinennius
798 477 859 532 prae
878 461 963 513 altero

141 547 357 618 praegravatione
375 549 447 619 exigi
466 550 585 620 possint,
605 549 633 599 in
658 548 759 601 librum
784 547 962 618 peculiarem,

140 634 188 702 qui
207 643 368 699 calestram,
387 634 428 686 sel
445 635 586 686 aestimum
607 631 661 684 dici
681 633 761 700 solet,
780 633 870 685 omnia
889 647 964 703 prae-

144 718 190 771 dia
209 718 348 786 sigillatim
368 716 524 782 referenda,
539 727 566 770 et
576 729 638 787 quot
654 717 745 786 jugera
763 715 879 768 habeant
898 713 963 769 ttto-

94 798 105 838 ⁴
145 802 186 854 ci.
205 803 239 856 de
258 800 405 855 contribuat.
425 821 449 855 c.
471 813 509 856 ιι.
528 820 605 854 num.
622 813 662 856 ιι.
676 818 746 873 seqq.
763 799 802 852 td
822 800 902 866 hrains
919 817 964 854 au·

143 898 197 940 teau
216 886 320 940 catastri
341 885 536 940 coniectionem
559 903 653 939 omnes
670 885 741 940 eires
760 893 822 937 sunt
839 881 963 950 citandi,

142 980 170 1022 et
183 988 238 1024 non
256 971 357 1024 rocatis
374 979 518 1024 catastrum
534 987 587 1024 non
601 969 766 1042 praeiudicat
778 969 804 1022 b.
817 967 863 1020 dn.
877 965 963 1019 Bruu-

144 1073 216 1109 uem·
233 1056 306 1111 adl.
333 1065 357 1107 ι.
381 1053 472 1124 pnffi
489 1055 525 1109 de
548 1055 648 1110 censii.
665 1073 694 1108 ιι.
722 1065 746 1107 ι.
764 1053 799 1107 Ει
816 1073 832 1105 a
851 1061 965 1106 catastro

142 1141 303 1194 sumendum
328 1152 514 1211 argumentum
540 1142 706 1210 negativum,
734 1141 796 1191 haec
822 1155 875 1190 non
902 1146 965 1190 sunt

144 1226 279 1296 descripta
305 1225 335 1278 iu
360 1233 490 1290 catastrc,
511 1241 574 1294 ergo
593 1243 643 1280 uec
669 1222 828 1278 collectaneis
851 1225 922 1276 Mer.
938 1240 965 1292 p.

146 1321 170 1361 ι.
188 1309 215 1362 d.
235 1322 277 1362 ιι.

88 1435 103 1473 3
179 1396 318 1464 Requisita
336 1405 424 1450 autem
449 1395 559 1450 catastri
578 1403 641 1448 suot
658 1396 674 1465 (
686 1404 708 1446 t.
733 1401 764 1446 ut
788 1389 838 1444 liat
861 1389 966 1462 publica

144 1480 318 1544 auctoritate,
336 1479 382 1550 (ι.
402 1484 500 1537 rocatis
524 1483 656 1552 bonorum
682 1477 902 1551 possessoribus,
921 1472 965 1544 (ι.

142 1567 209 1617 bene
229 1565 421 1619 considerando
440 1577 526 1620 taxum
546 1579 570 1622 et
590 1565 694 1619 tructas
720 1566 789 1617 bles.
810 1563 835 1615 d.
853 1562 873 1614 i.
892 1578 919 1612 n.
941 1571 965 1612 ι.

142 1669 170 1704 ιι.
186 1661 212 1704 ι.
231 1651 283 1706 Ριο
303 1653 407 1707 ιιιίοιιι
425 1653 559 1708 fructuum
573 1653 645 1709 cuim
657 1650 791 1722 augendus
805 1658 830 1702 et
844 1647 967 1701 minuen-

90 1750 102 1788 s
142 1739 194 1792 dus
213 1756 308 1792 census
329 1737 489 1810 lsormam.
504 1753 527 1794 ι.
538 1758 579 1808 pr.
588 1737 631 1808 ff.
641 1737 781 1794 decensib.
795 1734 909 1806 Quando
921 1751 966 1786 au·

141 1835 196 1878 tem
214 1841 249 1877 ex
268 1823 339 1877 libro
357 1827 475 1880 censuali
493 1827 593 1897 aliquis
605 1821 840 1885 condemnandus,
861 1837 920 1892 para
938 1837 966 1870 u·

142 1918 235 1978 traque
252 1907 382 1962 audienda
401 1919 544 1980 antequam
559 1910 657 1964 feratur
671 1907 805 1961 sententia
814 1946 824 1972 ,
844 1918 872 1958 ιιι
892 1905 966 1957 vide-

138 2002 185 2044 ant
204 2001 314 2062 partes,
336 2007 370 2043 an
395 1993 484 2044 omnia
506 1993 544 2046 ila
563 1995 616 2046 siut
633 1999 806 2060 comparata,
833 1997 862 2040 ut
888 1988 965 2058 plena

90 2077 101 2112 ²
140 2069 208 2126 fides
226 2073 262 2126 iis
280 2075 404 2128 adhiberi
423 2077 517 2130 debeat
540 2079 611 2130 Mer.
628 2093 654 2144 p.
676 2085 699 2127 t.
717 2073 743 2126 d.
766 2085 824 2127 ιιι.
842 2073 877 2125 Ει
895 2083 965 2126 ιιιι·

138 2169 193 2212 stra
211 2161 236 2211 ιί
257 2168 360 2212 tautum
382 2160 592 2230 descriptionem
612 2177 759 2230 agrorum,
785 2175 838 2212 uon
858 2175 920 2212 sero
938 2167 966 2209 et

98 2293 100 2296 .
137 2241 220 2293 simul
238 2242 399 2294 solutionem
419 2245 589 2296 collectarum
610 2253 756 2307 testantur,
775 2259 831 2294 non
851 2239 965 2310 probant

138 2324 297 2394 praesertim
315 2337 407 2379 contra
426 2344 504 2390 euru,
521 2327 568 2397 qui
587 2329 616 2383 iu
635 2327 803 2399 possessione
829 2323 963 2378 immuni·

138 2409 203 2463 tatis
220 2417 270 2462 est.
288 2412 359 2464 bier.
375 2411 403 2464 d.
423 2411 442 2460 l.
461 2410 574 2484 Copiam
591 2427 696 2482 qnoque
714 2407 819 2462 catastri
835 2407 962 2460 omnibus

139 2491 267 2548 edendam
280 2510 354 2560 ease,
367 2495 397 2548 iu
409 2496 512 2564 judicio
530 2513 656 2566 supremo
668 2491 808 2546 secretiori
821 2491 960 2546 decretum

139 2597 198 2634 esse
216 2589 332 2634 testatur
349 2579 395 2634 dn.
414 2581 563 2636 Brunuem.
583 2579 621 2635 cd
639 2582 656 2632 l.
666 2578 798 2649 sormam
817 2597 857 2646 pr.
866 2573 909 2644 ff.
933 2579 966 2632 de

141 2663 240 2720 sensit.
260 2683 290 2718 rt.
311 2675 335 2718 ι.
352 2663 413 2718 add.
432 2664 507 2718 [tait.
522 2664 663 2718 dcnrrest.
679 2683 701 2717 c.
720 2675 743 2717 ι.
757 2681 785 2716 ιι.
801 2673 844 2718 ιι.
863 2663 964 2716 catate.

138 2749 195 2804 dcc.
210 2761 253 2802 ιι.
266 2767 293 2801 ιι.
309 2757 333 2802 ι.
346 2747 459 2802 Ιιοιιιιιι
471 2749 504 2802 de
511 2749 568 2820 jar.
583 2751 704 2804 anivers.
718 2765 748 2817 p.
765 2759 789 2800 ι.
802 2763 825 2798 ι.
841 2761 864 2802 ι.
878 2765 906 2798 ιι.
926 2757 965 2797 ιι.

141 2837 282 2890 tteteuur
300 2833 409 2902 dejure
428 2851 539 2887 romano
556 2834 622 2898 ille,
640 2833 688 2903 qui
708 2833 736 2884 in
756 2830 871 2903 publicis
892 2830 965 2884 tabu·

139 2921 176 2974 lis
194 2921 281 2974 delato
300 2918 379 2972 modo
397 2917 452 2972 isui
474 2935 520 2972 sua
541 2935 570 2970 re
587 2916 669 2971 certis
688 2933 721 2969 es
739 2914 825 2970 causis
843 2932 897 2966 non
917 2933 964 2985 po·

142 3009 208 3071 tuit,
229 3005 282 3059 nisi
299 3004 357 3078 ipse
376 3021 481 3059 causam
501 3002 607 3058 dederit
617 3003 636 3056 l.
650 3012 673 3054 ι.
686 3003 709 3068 §.
727 3011 750 3053 ι.
758 2997 800 3069 ff.
815 2997 848 3052 de
862 2999 966 3053 censii.

142 3089 197 3142 Du.
217 3085 317 3143 Brenn·
332 3089 371 3144 nd
383 3089 400 3142 l.
418 3101 442 3142 ι.
454 3108 478 3144 c.
491 3089 524 3144 de
536 3087 636 3144 censii.
659 3083 711 3140 sed
731 3086 758 3140 id
779 3087 900 3156 moribus
922 3105 969 3141 no-

139 3174 208 3230 stris
226 3191 280 3230 uou
299 3177 479 3240 observatur,
505 3175 551 3228 sed
571 3173 787 3228 contributiones
805 3172 965 3225 imlistincte

138 3259 305 3329 exiguntur,
323 3261 380 3316 sire
398 3260 523 3313 domiuus
542 3259 644 3313 lructus
670 3258 699 3311 in
725 3275 798 3312 sunm
818 3257 965 3310 utilitatem

139 3353 240 3410 restat,
259 3345 316 3398 sire
334 3361 405 3410 non,
424 3344 494 3410 imo,
515 3344 579 3396 lieet
596 3341 736 3414 praedium
756 3341 843 3393 nullos
863 3338 965 3393 fructus

138 3428 225 3492 ierat,
245 3427 377 3481 tributum
398 3427 534 3482 tamenin
555 3445 584 3480 ea
602 3426 710 3480 ciuitate
734 3425 965 3496 persolvendum,

140 3512 169 3564 in
187 3529 238 3580 qua
256 3529 319 3582 ager
338 3512 408 3566 situs
426 3511 622 3566 estdilmnn.
642 3515 680 3566 nd
698 3512 724 3564 d.
744 3512 800 3564 Lu.
820 3522 900 3563 tt.et
923 3520 963 3562 ιι.

79 3610 102 3649 ιι
175 3595 356 3650 Collectarum
375 3615 437 3652 vero
455 3596 658 3651 indicendarum
685 3593 815 3660 facultas,
841 3594 907 3648 licet
929 3595 964 3647 ad

137 3681 237 3750 regalia
256 3683 405 3752 pertineat,
420 3681 513 3736 modus
528 3690 615 3735 tamen
634 3678 853 3742 distributionis,
867 3689 893 3731 et
905 3679 959 3732 col·

139 3765 252 3820 lationis
270 3764 299 3818 iu
317 3765 473 3820 civitatibus
491 3766 558 3820 solet
576 3779 635 3819 esse
652 3763 824 3817 arbitrarius.
849 3765 920 3817 Mes.
936 3779 963 3831 p.

79 3856 103 3896 Η
140 3860 165 3903 ι.
183 3849 210 3902 d.
233 3859 294 3902 ιιι.
323 3849 344 3900 h
369 3849 556 3904 veterinum
583 3847 662 3903 modo
687 3845 766 3900 iacile
785 3846 963 3901 recedendum

140 3949 194 3986 unu
212 3943 269 3998 est,
287 3931 343 3986 nisi
356 3933 402 3985 iile
415 3935 524 3988 mutatis
539 3933 706 4003 temporibus
726 3931 894 4002 incungmus,
907 3930 963 3982 ini·

80 4039 104 4078 ts
139 4035 223 4086 quus,
242 4028 270 4071 et
282 4018 460 4074 intolerabilia
472 4015 517 4072 liat
536 4017 582 4073 dn.
595 4019 665 4070 Mea.
683 4019 708 4071 d.
723 4019 741 4068 l.
761 4018 875 4088 Semper
889 4013 962 4067 enim

140 4101 207 4156 libri
221 4101 377 4168 censuales,
392 4104 464 4170 iusta
476 4111 564 4156 tamen
583 4117 615 4154 ex
634 4115 722 4161 musa,
735 4099 832 4152 matari
846 4105 964 4168 possunt.

140 4203 235 4242 recen.
255 4187 349 4257 imper.
368 4187 402 4241 de
421 4203 489 4240 nnn.
511 4195 587 4240 tstt.
605 4183 629 4258 5.
652 4186 717 4242 vad
732 4184 846 4238 rolcltes.
867 4183 966 4236 tttoct.

139 4283 173 4326 rr.
192 4273 224 4326 ιιι
243 4271 390 4326 contritae.
408 4287 430 4324 ι.
454 4283 495 4324 ιι.
515 4289 543 4325 ιι.
566 4282 594 4325 ιι
606 4283 626 4321 ι.
645 4273 698 4324 Du.
724 4268 826 4321 Brona.
841 4269 877 4322 ιιι
899 4266 919 4319 t.
941 4278 973 4340 ι.Ι

82 4361 105 4400 ¹⁸
140 4375 162 4411 ι.
181 4358 217 4411 de
233 4355 335 4411 censii.
353 4367 381 4408 et
397 4355 493 4409 cenete.
512 4354 612 4408 Census
624 4363 728 4420 autom,
750 4353 898 4417 tributum,
912 4351 964 4404 ocl-

139 4443 232 4506 leetae,
247 4440 418 4505 coutributio,
433 4440 539 4510 publica
554 4440 697 4510 pensitatio
710 4447 772 4490 ιιιιιι
784 4453 865 4489 unum
877 4431 963 4487 idem·

139 4543 199 4595 que.
219 4523 350 4578 Christis.
364 4525 423 4577 vol.
443 4536 465 4576 ι.
485 4524 539 4578 dec.
554 4535 596 4577 ιι.
616 4541 642 4576 ιι.
665 4532 688 4573 ι.
704 4519 805 4574 Census
822 4520 902 4587 hujus
914 4536 961 4589 po·

140 4612 196 4664 tior
213 4627 291 4663 causa
309 4618 351 4662 eat
364 4646 374 4675 ,
400 4609 438 4662 ita
463 4617 492 4661 ut
515 4605 641 4662 omnibus
667 4607 729 4660 aliis
753 4605 965 4676 quibuscumque

140 4692 254 4748 creditis
271 4691 354 4747 fiscus
371 4691 407 4746 ob
426 4692 503 4746 illum
522 4691 687 4764 praeferatur
704 4693 723 4742 l.
741 4689 812 4744 satis
824 4699 919 4744 notum
942 4698 964 4741 ι.

82 4793 104 4830 ιι
140 4796 162 4832 ι.
174 4777 204 4831 in
218 4777 294 4851 qnid.
307 4792 384 4832 cans.
396 4777 415 4829 l.
431 4789 454 4830 ι.
466 4794 489 4830 ι.
502 4777 529 4831 si
536 4787 648 4849 propter
657 4775 758 4844 public.
768 4773 900 4843 pensitat.
919 4772 963 4825 ld-

136 4879 188 4932 que
205 4861 297 4916 oritur
314 4877 349 4914 ιι
366 4859 517 4932 antiquiori
543 4861 623 4914 tacita
643 4859 813 4930 hypotheca,
838 4873 904 4928 quae
929 4857 963 4911 ab

141 4946 226 5000 initio
246 4945 386 5000 civitatum
406 4963 454 5016 pro
473 4944 577 5016 republ.
602 4941 682 4996 rebus
707 4942 835 4996 omnibus
853 4941 960 5004 indita,

140 5043 166 5086 et
185 5047 235 5103 per
255 5031 283 5082 ll.
302 5030 365 5084 aliis
383 5030 510 5083 omnibus
528 5027 658 5084 vetustior
674 5027 815 5080 constituta
833 5034 891 5090 est,
909 5023 963 5077 rid.

142 5113 268 5171 sichard.
287 5114 316 5168 in
336 5115 354 5167 l.
369 5126 392 5167 ι.
411 5133 438 5168 ιι.
462 5127 503 5168 ιι.
515 5132 539 5168 ι.
550 5112 576 5166 si
583 5121 695 5182 propter
708 5109 806 5180 pererit.
824 5109 899 5182 publ.
914 5109 961 5162 ubi

141 5202 258 5266 scribit,
278 5201 326 5272 qui
345 5201 422 5272 prior
441 5199 469 5252 in
489 5201 615 5270 pignore,
635 5197 721 5267 potior
739 5199 811 5265 jure:
828 5195 962 5266 quomodo

141 5296 227 5340 autem
248 5294 337 5356 potest
353 5286 414 5355 quis
432 5301 491 5337 esse
508 5283 646 5352 antiquior
658 5281 775 5335 creditor
795 5280 825 5332 iu
843 5297 881 5344 re,
896 5297 963 5349 quae

143 5370 188 5423 dat
205 5368 339 5424 tributum
358 5366 440 5432 fisco,
460 5385 518 5420 curn
538 5367 595 5431 lex,
614 5383 679 5436 quae
699 5374 760 5417 ante
782 5376 860 5417 ιοοι.
878 5379 963 5416 annos

142 5453 225 5520 heta,
246 5455 322 5507 illam
343 5453 445 5507 tacitam
464 5452 657 5522 obligationem
677 5449 830 5502 induxerit:
844 5449 890 5502 sed
903 5449 963 5501 nul·

143 5541 182 5593 las
199 5541 318 5611 privatus
335 5547 422 5610 potest
439 5537 610 5610 hypothecam
626 5535 691 5588 tanti
707 5533 833 5604 temporis
851 5533 963 5602 allegare

90 5639 112 5676 ιι
147 5623 195 5677 sid.
212 5626 285 5678 hier.
301 5643 328 5693 p.
350 5633 374 5674 ι.
393 5623 418 5675 d.
442 5633 498 5680 ιιι.
519 5624 579 5674 lmo
603 5620 648 5673 hic
667 5619 696 5671 iu
721 5618 842 5670 Marchia
861 5617 962 5670 coutri-

144 5709 265 5766 butioues
283 5717 416 5764 restames
434 5725 489 5762 nnn
508 5709 594 5762 soleam
614 5703 797 5777 praeferuntur
817 5701 963 5757 creditori-

1011 376 1060 428 bus
1078 375 1296 445 hypothecariis,
1314 385 1393 448 prout
1405 379 1617 448 pronunciatum
1632 380 1660 436 in
1674 401 1773 440 eumer.
1787 387 1838 441 ele-

1014 460 1110 514 ctoral.
1123 460 1214 514 colon.
1227 462 1266 514 ad
1282 465 1396 530 Spream
1413 463 1460 517 die
1478 476 1520 516 ιι.
1538 479 1619 522 ιιιιιιι.
1639 491 1666 524 ιι.
1690 482 1766 524 ιιιι.
1785 471 1830 524 sed

1012 545 1092 598 etiam
1105 544 1177 610 doti,
1189 556 1268 616 prosit
1278 540 1370 604 itidem
1383 551 1598 624 pronunciatum
1612 553 1717 608 ibidem
1731 556 1775 610 die
1791 568 1830 610 ιι.

1008 629 1073 699 jan.
1092 648 1119 683 n·
1142 641 1219 684 ιιοι.

1048 715 1223 785 Praecipuam
1242 725 1331 770 antem
1351 735 1441 772 curam
1467 722 1636 776 collectarum
1660 723 1758 778 habeut
1777 744 1834 780 cen·
1876 759 1904 801 tt

1012 799 1123 864 sitcres,
1143 799 1188 869 qui
1207 811 1271 854 sunt
1288 801 1347 867 iili,
1365 805 1411 874 qui
1431 805 1567 876 recipiunt
1586 807 1763 878 professiones
1782 812 1836 864 col·

1014 885 1146 950 latorum,
1165 893 1190 936 et
1208 900 1330 952 censum,
1351 890 1390 941 rel
1408 907 1492 956 onus,
1511 901 1538 944 et
1558 892 1678 963 pignoris
1696 896 1754 962 iure
1773 915 1834 949 sen·

1014 966 1082 1020 dunt
1100 968 1227 1039 praedia,
1246 970 1269 1022 si
1289 989 1383 1025 census
1410 990 1464 1026 non
1490 976 1613 1030 solvatur.
1633 979 1838 1049 peraequatores
1878 999 1906 1040 ιι

1013 1059 1101 1102 nutem
1119 1060 1195 1116 sunt,
1213 1053 1260 1122 qui
1281 1054 1414 1109 territoria
1434 1071 1611 1129 peraequent,
1633 1072 1657 1115 ut
1677 1064 1722 1131 qui
1744 1065 1835 1116 minus

1013 1132 1110 1184 censiti
1130 1143 1210 1200 saint,
1227 1147 1388 1208 graventur,
1407 1142 1505 1212 quique
1524 1145 1646 1210 gravius,
1665 1145 1834 1200 releventur:

1015 1216 1086 1269 idem
1113 1235 1181 1287 pene
1205 1237 1303 1274 munus
1324 1232 1365 1275 est
1391 1223 1569 1296 inspectoris,
1599 1229 1646 1299 qui
1671 1229 1703 1281 ad
1727 1231 1835 1300 praedia

1015 1300 1219 1368 provincialium
1238 1303 1407 1374 inspicienda
1425 1309 1557 1376 mittitur,
1577 1323 1604 1366 ut
1621 1312 1746 1380 referat,
1771 1334 1837 1387 quae

1015 1383 1072 1436 sint
1089 1383 1207 1452 deserta,
1226 1400 1253 1443 et
1273 1392 1342 1444 male
1358 1403 1483 1463 aequata,
1501 1395 1548 1465 qui
1568 1398 1633 1452 alias
1660 1399 1762 1453 dicitur
1781 1402 1836 1454 dis·

1014 1482 1121 1535 cuasor,
1141 1469 1273 1528 christia.
1302 1477 1355 1530 ool.
1375 1491 1399 1532 ι.
1417 1479 1441 1532 d.
1463 1492 1504 1534 ιι.
1524 1500 1549 1533 ιι.
1572 1492 1595 1534 ι.
1618 1495 1640 1538 ι.
1658 1502 1731 1558 seqq.
1758 1489 1832 1541 Talis
1874 1494 1906 1534 ι’

1016 1568 1078 1604 tero
1095 1567 1267 1627 persequutor
1285 1559 1339 1614 sire
1363 1560 1496 1618 discussor
1513 1567 1559 1637 qui
1579 1569 1744 1639 negligenter
1761 1586 1784 1627 et
1803 1591 1836 1626 es

1016 1637 1100 1704 gratia
1118 1656 1225 1693 censum
1250 1644 1372 1698 aestimat
1390 1645 1436 1718 (ι.
1461 1647 1577 1702 incurrit
1602 1649 1764 1718 infamiam,
1792 1659 1839 1720 (ι.

1016 1726 1146 1780 solarios
1166 1722 1230 1782 fisco
1250 1741 1354 1801 accepto
1373 1747 1401 1782 se
1421 1731 1562 1801 indignum
1590 1733 1693 1802 reddit,
1715 1737 1794 1806 idque
1813 1738 1842 1792 iu

1014 1813 1191 1885 quadruplum
1213 1824 1319 1869 tenetur
1336 1815 1474 1869 restituere
1493 1817 1513 1868 l·
1535 1830 1560 1870 ι.
1579 1837 1604 1871 c.
1622 1818 1655 1871 de
1672 1821 1772 1874 censii.
1789 1821 1840 1876 iba·-

1015 1919 1068 1970 pne
1085 1899 1129 1952 du.
1151 1897 1254 1952 Brunn.
1274 1899 1308 1952 Et
1326 1901 1394 1953 actio
1411 1901 1445 1954 ob
1465 1901 1584 1971 iniquam
1604 1904 1833 1975 peraequationem
1881 1923 1913 1966 ιι

1014 1985 1091 2039 datur
1110 1987 1183 2040 iutra
1202 2004 1316 2052 anniam,
1339 1998 1399 2056 post
1418 1990 1575 2058 completam
1594 1991 1839 2060 peraequationem,

1017 2067 1180 2138 traditosque
1200 2071 1415 2140 peraequationis
1432 2070 1535 2139 libros,
1546 2083 1637 2144 postea
1655 2091 1709 2128 non
1728 2073 1842 2148 audiun·

1017 2162 1074 2219 tur,
1094 2153 1147 2205 nisi
1166 2155 1200 2208 cb
1220 2172 1314 2208 novam
1333 2173 1448 2209 causam.
1463 2156 1516 2210 Sed
1530 2156 1703 2229 excipiuntur
1722 2159 1767 2219 hic
1786 2159 1840 2212 mi·

1014 2253 1111 2304 nores,
1130 2237 1218 2308 etqui
1237 2239 1306 2309 reip.
1325 2257 1401 2292 eausa
1420 2240 1531 2309 absunt,
1550 2260 1611 2297 nam
1632 2244 1674 2296 bis
1693 2262 1728 2298 ex
1746 2261 1777 2300 eo
1796 2243 1843 2298 dic

1014 2337 1065 2389 qno
1082 2320 1158 2389 ager'e
1177 2330 1302 2391 possunt,
1322 2321 1368 2374 hic
1385 2341 1470 2377 annus
1498 2329 1693 2396 computandus
1712 2340 1767 2395 est,
1788 2327 1840 2382 dn.

1015 2404 1161 2460 Brunnem.
1174 2407 1212 2460 ari
1227 2408 1245 2460 l·
1260 2419 1284 2460 ι.
1297 2427 1319 2462 ι.
1332 2409 1367 2461 de
1378 2409 1479 2464 censii.
1492 2410 1652 2466 Remedium
1670 2424 1755 2468 autem
1767 2452 1774 2481 ,
1786 2433 1839 2485 quo
1878 2449 1906 2491 2,

1013 2487 1106 2560 iniqua
1124 2493 1296 2564 peraequatio
1315 2493 1467 2564 impugnari
1486 2507 1594 2568 potest,
1623 2508 1665 2552 ιιι
1682 2497 1839 2569 imploratio

1015 2575 1125 2644 judicis.
1146 2575 1225 2630 Surd.
1244 2593 1322 2632 cons.
1343 2591 1387 2631 ιι.
1406 2597 1432 2632 ιι.
1454 2595 1478 2636 ι.
1498 2579 1592 2634 ΚΙοιΙι.
1619 2580 1648 2634 iu
1666 2591 1703 2636 tr.
1721 2583 1754 2637 da
1771 2601 1838 2640 cora·

1015 2659 1107 2714 tribul.
1129 2680 1152 2713 c.
1174 2676 1196 2715 ι.
1216 2679 1243 2714 ιι.
1264 2673 1323 2715 ιιι.
1343 2662 1388 2717 sed
1403 2665 1431 2717 d.
1450 2665 1469 2716 l.
1490 2677 1514 2718 t.
1531 2683 1554 2718 c.
1572 2665 1606 2720 de
1623 2665 1724 2720 censii.
1737 2667 1840 2722 limita·

1014 2753 1087 2797 tura
1107 2745 1231 2798 Τιιιιιιι.
1249 2744 1275 2797 d.
1295 2755 1356 2802 ιιι.
1376 2764 1404 2798 ιι.
1426 2760 1465 2802 ιι.
1479 2748 1492 2819 (
1505 2759 1524 2802 ι.
1538 2747 1593 2802 1ιίιί
1612 2750 1690 2803 altera
1710 2767 1772 2820 pars
1784 2751 1835 2803 sci·
1878 2765 1907 2807 ιι

1017 2827 1086 2880 ιιιίι
1104 2828 1335 2898 inaequalitatem,
1354 2849 1416 2884 nam
1435 2841 1499 2885 tunc
1516 2844 1586 2888 esset
1605 2836 1633 2887 in
1653 2837 1720 2888 mala
1734 2832 1788 2888 lide
1802 2835 1837 2907 (t.

1017 2910 1072 2963 nisi
1092 2927 1163 2982 resp.
1182 2915 1217 2966 sit
1236 2915 1323 2982 laesa,
1341 2915 1403 2984 qnia
1421 2916 1579 2972 haecutitur
1598 2920 1656 2988 jure
1674 2921 1839 2991 pupillorum

1016 2996 1035 3046 1.
1051 3016 1115 3068 pen.
1134 3018 1157 3051 c.
1175 2998 1208 3051 tie
1220 2999 1277 3067 jur.
1297 2999 1364 3070 reip.
1383 3001 1425 3071 (t.
1445 3003 1498 3054 nisi
1519 3010 1623 3072 petatur
1648 3005 1785 3058 restitutio
1804 3023 1837 3060 ex

1016 3081 1099 3151 capite
1119 3081 1302 3152 ignorantiae3
1322 3083 1367 3136 sed
1387 3093 1447 3156 post
1463 3104 1564 3139 annum
1584 3085 1735 3141 admittunt
1752 3106 1838 3144 reme·

1017 3165 1091 3222 dium
1112 3169 1259 3233 nuditatis:
1279 3170 1412 3224 Christin.
1432 3173 1485 3226 eol.
1505 3187 1528 3226 ι.
1548 3174 1601 3228 dec.
1622 3185 1665 3231 ιι.
1684 3193 1711 3228 ιι.
1727 3187 1769 3228 ιι.
1788 3177 1839 3231 Pe·

1018 3252 1118 3305 ιιι.ιή
1139 3271 1160 3306 c.
1179 3253 1220 3305 tit.
1239 3255 1272 3306 de
1289 3255 1389 3308 censii.
1403 3276 1429 3308 ιι.
1452 3269 1494 3310 ιι.
1514 3257 1616 3327 dequo
1637 3269 1722 3314 tamen
1736 3261 1835 3315 merito

1017 3335 1153 3391 dubitatur
1172 3339 1215 3408 (l.
1236 3340 1291 3392 nisi
1309 3351 1382 3393 actus
1400 3352 1469 3394 esset
1488 3341 1638 3407 iterabilia,
1664 3343 1709 3396 sed
1730 3343 1836 3400 ridetur

1017 3430 1104 3472 tamen
1125 3422 1188 3475 haec
1205 3423 1248 3474 lex
1269 3424 1341 3495 loqui
1360 3425 1393 3480 de
1404 3438 1462 3478 actu
1482 3424 1647 3493 reiterabili,
1661 3437 1740 3498 prout
1754 3431 1838 3483 sentit

1014 3504 1062 3558 dn.
1081 3505 1279 3560 liranum-nd
1290 3509 1308 3559 l.
1323 3522 1347 3562 ι.
1365 3527 1389 3562 ι.
1408 3511 1431 3562 d.
1453 3520 1471 3562 ι.
1492 3510 1515 3562 si
1535 3523 1706 3582 persequutor
1723 3516 1837 3586 amplius
1877 3517 1906 3559 ²³

1014 3589 1079 3658 quid
1100 3587 1284 3645 fraudulenter
1300 3593 1403 3663 exigat,
1422 3613 1499 3665 quam
1528 3597 1622 3649 telonii
1641 3606 1686 3650 aot
1704 3601 1842 3670 vectigalis

1016 3673 1154 3728 institutio
1172 3677 1273 3747 exigit,
1293 3677 1317 3729 is
1336 3677 1488 3748 puniendas
1501 3681 1644 3752 estduplc,
1664 3683 1687 3736 si
1708 3702 1770 3738 sero
1789 3704 1838 3756 per

1013 3758 1067 3810 aim
1087 3759 1148 3828 plns
1167 3760 1256 3815 debito
1274 3764 1437 3827 extorserit,
1456 3764 1485 3815 iu
1503 3763 1682 3836 quadmplum
1703 3771 1835 3839 punitur,

1013 3841 1137 3895 Menoch.
1156 3845 1175 3895 1.
1198 3855 1219 3895 ι.
1240 3845 1334 3898 arbitr.
1351 3846 1410 3914 jud.
1429 3857 1534 3916 quaest.
1560 3865 1615 3902 cns.
1637 3861 1695 3903 ιιι.
1715 3872 1789 3908 num.
1814 3869 1838 3909 ι.

1016 3927 1163 3982 Damhoud.
1182 3931 1210 3984 iu
1228 3947 1267 3999 pr.
1287 3931 1363 3984 crim.
1383 3948 1405 3985 c.
1426 3935 1469 3988 ιι.
1488 3951 1514 3986 rt.
1538 3945 1563 3985 ι.
1583 3944 1608 3986 ιι
1628 3945 1651 3986 ι.
1670 3933 1794 3991 Furinae.
1812 3959 1837 4011 q.

1017 4023 1075 4064 lii·
1095 4031 1124 4064 rt.
1144 4025 1186 4068 dt).

1049 4095 1080 4149 lu
1100 4097 1190 4168 specie
1207 4099 1273 4152 olim
1293 4100 1438 4170 agraticum
1457 4104 1598 4158 vocabatur
1617 4105 1688 4176 quod
1705 4125 1757 4178 pro
1775 4124 1839 4177 agro
1878 4123 1908 4166 ιι

1012 4196 1135 4234 concesso
1153 4181 1330 4253 pendebatur:
1350 4185 1395 4238 cui
1413 4187 1502 4242 simile
1521 4197 1562 4242 est
1579 4192 1730 4260 agrarium,
1752 4190 1837 4244 tribu·

1014 4276 1068 4318 tum
1087 4284 1123 4319 se.
1141 4267 1211 4338 quod
1232 4286 1281 4338 pro
1299 4271 1370 4338 agris
1389 4272 1533 4344 penditur,
1551 4278 1626 4343 cujus
1648 4276 1747 4330 mentio
1760 4273 1793 4330 lit
1805 4277 1835 4330 in

1013 4349 1041 4402 ll.
1061 4347 1263 4415 bajuvariorum
1277 4361 1297 4401 t.
1319 4366 1341 4407 1.
1359 4371 1381 4407 c.
1406 4365 1445 4410 tt.
1464 4363 1486 4420 ς.
1501 4371 1522 4411 ι.
1540 4359 1569 4412 in
1579 4359 1672 4429 form.
1694 4372 1738 4414 ιι.
1753 4371 1780 4414 ιι
1794 4374 1838 4415 ιι.

1012 4453 1049 4488 ea·
1067 4434 1129 4490 edit.
1142 4433 1328 4506 lindenbrog.
1343 4435 1454 4494 Certum
1469 4451 1556 4496 autem
1577 4455 1632 4508 est,
1652 4444 1776 4498 collectas
1789 4465 1839 4516 pro
1877 4449 1907 4491 ²⁵

1012 4521 1161 4592 quantitate
1179 4521 1336 4588 fructuum,
1358 4535 1386 4578 et
1409 4544 1464 4581 non
1492 4546 1543 4598 pro
1562 4526 1649 4582 farore
1668 4539 1696 4582 et
1715 4532 1835 4600 protentis

1012 4607 1098 4678 partis
1119 4605 1296 4676 imponendas
1314 4625 1373 4661 esse
1392 4609 1410 4660 1.
1439 4623 1461 4664 ι.
1487 4630 1507 4665 c.
1534 4611 1567 4665 de
1587 4611 1688 4666 censii.
1708 4614 1836 4683 Quamuis
1877 4632 1908 4674 ιι

1013 4692 1145 4745 Christin.
1164 4691 1224 4746 vni.
1245 4707 1269 4746 ι.
1287 4693 1315 4747 d.
1336 4705 1377 4750 st.
1398 4713 1427 4744 ιι.
1447 4709 1470 4748 ι.
1490 4713 1523 4748 ex
1543 4695 1651 4750 Jacodo
1670 4697 1770 4766 reims.
1789 4717 1838 4754 no·

1012 4788 1045 4832 tet
1064 4779 1089 4830 la.
1103 4777 1120 4830 l.
1140 4795 1193 4830 non
1207 4779 1275 4830 bene
1294 4779 1411 4842 serrari,
1425 4780 1487 4850 quia
1502 4797 1581 4851 saepe
1593 4782 1727 4837 minuitur
1746 4803 1838 4840 nume·

1011 4881 1059 4918 rus
1077 4865 1240 4918 tributorum
1261 4873 1414 4935 potentum,
1435 4878 1462 4919 ut
1480 4878 1604 4936 augeatur
1628 4886 1755 4923 nttmerus
1775 4891 1838 4946 pau·

1012 4965 1121 5018 perum,
1140 4959 1167 5001 et
1185 4947 1266 5002 hodie
1283 4945 1440 5020 quandoque
1460 4958 1560 5006 tantum
1588 4955 1743 5008 aestimatur
1762 4955 1833 5026 agel·

1013 5031 1054 5085 los
1072 5033 1211 5104 pauperis,
1228 5045 1340 5103 quantus
1364 5033 1457 5089 domas
1475 5035 1555 5089 unitas
1574 5035 1669 5091 dicitis
1687 5049 1714 5093 et
1742 5048 1832 5110 poten·

1013 5117 1058 5169 tis.
1079 5116 1198 5188 Desuper
1210 5135 1257 5170 suo
1269 5119 1322 5186 jam
1335 5127 1455 5189 tempore
1468 5129 1627 5190 conquestus
1648 5121 1697 5175 init
1717 5125 1831 5178 Saleiun.
1874 5139 1902 5179 ιι

1012 5199 1171 5254 Μιιιὶιίιιιι
1191 5202 1209 5254 l.
1230 5212 1254 5254 t.
1273 5203 1306 5256 de
1321 5203 1467 5274 gubernat.
1486 5203 1543 5258 Dei
1554 5222 1575 5258 c.
1593 5219 1649 5260 ιοι.
1669 5218 1696 5260 et
1717 5218 1774 5262 ιιι.
1791 5214 1837 5264 Ira-

1012 5283 1178 5350 ceninntnr,
1192 5284 1298 5355 iuquit,
1315 5287 1431 5354 plurimi
1446 5285 1582 5352 divitum,
1601 5306 1716 5358 quornm
1735 5291 1839 5346 tributa

1010 5382 1146 5434 pauperes
1153 5364 1258 5437 firrrnt
1267 5408 1278 5435 ,
1305 5380 1334 5422 ιι
1359 5369 1424 5423 illos
1445 5382 1553 5424 necent.
1571 5373 1695 5445 Ecquid
1715 5373 1841 5428 inveniri

1011 5447 1126 5502 dicimus
1140 5451 1282 5519 plurimos,
1300 5453 1392 5519 timec,
1405 5472 1440 5508 ne
1452 5454 1546 5508 verius
1557 5455 1707 5512 diceremus
1725 5477 1833 5513 omnes:

1011 5541 1069 5583 tum
1084 5532 1168 5600 ponci
1184 5535 1255 5586 enim
1275 5537 1346 5590 mali
1362 5537 1443 5610 dirius
1461 5549 1589 5612 expertes
1598 5554 1665 5595 ιιιιιι
1683 5543 1727 5613 (si
1744 5555 1837 5601 tamen

1012 5615 1065 5668 ulli
1080 5615 1164 5685 sant)
1183 5629 1213 5672 ιιι
1230 5618 1259 5672 in
1275 5639 1310 5674 ιιι
1327 5632 1422 5688 parte,
1437 5643 1491 5696 qna
1504 5627 1605 5680 multos
1622 5627 1756 5698 diximus,
1774 5647 1836 5682 cm·

1013 5713 1061 5753 raes
1076 5715 1146 5768 pene
1165 5701 1264 5757 divites
1280 5706 1397 5774 reperire
1412 5707 1566 5780 pessimam
1584 5727 1644 5764 ecce
1661 5711 1734 5768 enim
1752 5730 1836 5770 resne·
