4476 6274
248 245 298 300 aar
665 212 668 222 ’
859 241 1014 299 unauna
1035 244 1226 302 nortsnn.
1786 251 1838 300 a„

196 345 310 416 quindo,
330 355 359 399 ut
377 345 411 398 dn
428 343 546 399 dotalitii
561 345 575 406 ,'
588 338 681 394 ridnae
706 361 720 392 n
748 340 843 394 marito
870 342 1023 405 constituti,
1079 347 1135 399 sint
1153 345 1264 416 agnati?
1282 363 1359 416 quam
1380 353 1474 416 negat,
1494 343 1523 398 tt
1543 341 1892 416 carpetaneafluettr.

196 450 298 488 summa
316 439 344 484 et
360 429 509 500 quantitate
526 426 632 496 qnidam
649 425 829 492 transigerent
841 424 918 478 vidua
930 435 956 478 et
970 444 1025 477 ma·
1077 446 1099 480 c.
1119 441 1142 481 t.
1162 437 1184 492 ς.
1204 440 1245 481 tt.
1263 431 1420 497 qrriaelecto
1433 429 1567 493 dotalitio,
1581 429 1687 481 domina
1701 429 1895 496 quodammodo

200 518 247 568 riti
266 531 444 575 wwetwfesst
462 513 496 566 ⁶¹0
513 511 574 564 'liii
592 527 654 562 ΗΓΘ
678 507 881 562 “tntilliossibttt
904 511 929 560 ei
955 510 1025 577 edic·
1078 515 1152 566 illius
1170 515 1238 584 juris
1255 513 1361 576 effectu,
1379 533 1431 585 qno
1450 515 1490 566 vel
1509 510 1684 565 intercidente
1704 514 1742 565 vel
1760 513 1894 564 diminuto

199 600 252 653 ctis
270 599 340 652 nihil
359 597 495 660 dicerent;
512 593 663 666 quaesitum
684 593 786 660 itaque:
806 609 839 642 an
867 591 912 642 illa
933 591 1027 660 repeti·
1079 615 1130 650 non
1151 598 1271 668 iniquum
1291 609 1348 658 est,
1366 615 1422 650 rem
1441 615 1488 650 suo
1507 596 1617 648 domino
1637 597 1740 664 perire3
1764 613 1823 648 cum
1850 614 1898 648 nac

204 691 245 736 tae
263 683 437 743 censeantur,
455 696 489 730 an
507 693 568 732 vero
587 678 620 729 ab
641 677 676 728 iis
695 675 835 728 recessisse
852 675 1027 728 existimandi
1079 681 1168 746 agnati
1189 682 1216 732 in
1237 682 1314 752 culpa
1333 681 1403 742 sint,
1422 679 1468 732 ran
1487 679 1665 732 infortunium
1686 680 1735 732 boe
1759 681 1830 732 casui
1855 680 1900 732 ad·

200 761 403 834 transigentes?
423 761 506 829 Cujus
530 761 691 830 quaestionis
717 760 851 827 posterius
878 759 1026 810 membrum
1079 763 1262 828 scribendum,
1284 763 1329 834 qui
1350 781 1432 833 aequo
1450 762 1897 831 anirnolerenrlns.ltqnelneanr

197 849 321 918 negatis-e
347 844 592 900 deciduntur.
617 861 641 896 o.
671 855 730 894 sss.
755 842 817 910 qnia
847 842 939 904 nibil,
959 841 1028 910 quud
1080 863 1136 897 rem
1154 845 1253 916 allegat
1278 846 1438 899 sententiam
1462 844 1612 898 scabinatus
1642 845 1789 916 Lipsiensis
1813 845 1900 898 nem.

200 933 287 1006 priori
306 930 477 986 conventioni
494 927 663 990 adversetur,
678 925 706 976 in
720 925 866 994 posteriore
880 925 1027 990 invenitun
1079 929 1206 980 novenni.
1231 941 1311 982 tntu.

202 1018 271 1087 quin
291 1016 378 1086 potius
398 1014 432 1066 de
451 1014 522 1065 nuda
540 1008 658 1063 dotalitii
682 1009 831 1077 quantitate
855 1018 1028 1072 conuenturos
1114 1012 1153 1065 Eo
1172 1013 1252 1066 artam
1273 1031 1335 1066 mn
1353 1023 1472 1066 excusat.
1492 1013 1544 1065 erte
1563 1013 1654 1075 ,idua¹
1669 1013 1692 1066 ,i
1706 1012 1777 1066 dori,
1789 1023 1895 1084 partem

200 1111 229 1155 et
246 1101 282 1153 iis
292 1097 524 1162 conventionibus,
536 1109 602 1166 quae
618 1104 670 1146 tam
682 1093 776 1162 priori,
788 1111 865 1161 qvvam
883 1092 1026 1163 posteriori
1077 1096 1111 1149 ab
1128 1097 1228 1162 egueris
1247 1108 1339 1166 pesam
1355 1095 1500 1150 cratitione
1512 1099 1585 1162 ejus,
1600 1115 1623 1150 η,
1636 1115 1661 1164 g,
1675 1116 1722 1166 pm
1735 1097 1826 1150 ,lebino
1838 1107 1900 1150 ,nse

205 1199 323 1238 summae
340 1180 485 1235 convenire
504 1188 644 1250 poterant,
663 1178 734 1229 nibil
752 1176 910 1244 derogatum.
994 1229 996 1236 ,
1080 1182 1278 1233 rnatrirnnnium
1297 1189 1439 1241 contracto,
1457 1180 1544 1247 (quod
1558 1182 1624 1251 ipsis
1639 1197 1691 1232 non
1706 1180 1897 1248 denegandum,

239 1267 277 1320 Ut
295 1283 355 1320 vero
374 1265 521 1318 dotalitium
547 1263 722 1317 corratitntum
747 1261 908 1325 innotescat,
935 1261 1029 1330 proba·
1078 1261 1186 1314 Camill.
1207 1263 1304 1315 Borell.
1320 1264 1420 1316 Sarrum.
1439 1264 1548 1316 deciat-
1564 1265 1740 1316 t.tit.st.n.
1758 1267 1899 1334 att-seq.)

202 1349 321 1402 tionibus
339 1351 464 1402 instructa
483 1347 520 1400 sit
538 1347 615 1400 vidua
634 1361 740 1399 necesse
758 1355 815 1406 est,
834 1361 1028 1413 quaemrnrno·
1079 1346 1108 1397 in
1128 1347 1277 1398 remanenti
1297 1349 1369 1398 enirn
1390 1348 1499 1416 pecunia
1518 1347 1568 1400 erit
1588 1349 1634 1398 dos
1653 1347 1685 1398 acl
1707 1349 1780 1414 errius
1794 1349 1899 1414 quanti·

201 1434 235 1488 de
251 1434 359 1505 quidem
378 1431 440 1486 ficri
460 1442 570 1502 possunt
587 1447 636 1501 per
656 1441 737 1482 testes
771 1431 818 1480 sed
839 1429 963 1497 quoniam
992 1439 1029 1480 ta·
1078 1443 1156 1486 tatern
1178 1433 1398 1486 consti-nendum
1418 1433 1588 1497 dotalitium,
1607 1430 1676 1486 coni.
1695 1432 1714 1484 l.
1734 1443 1775 1484 tt.
1797 1449 1840 1503 pr.
1865 1432 1899 1485 de

201 1538 263 1575 rnen
281 1517 360 1573 lacile
380 1518 491 1570 interire
511 1527 595 1584 potest
615 1514 663 1566 boc
685 1513 883 1574 testimoninm,
904 1513 1025 1572 ornuinm
1070 1515 1130 1588 jur.
1148 1517 1205 1568 des.

200 1604 304 1674 optime
322 1600 375 1654 sibi
396 1599 556 1670 prospiciet,
577 1598 616 1660 si,
633 1595 797 1666 qnirlacturn
813 1595 1029 1658 luerit,inscri·
1116 1601 1241 1653 Diximus
1263 1602 1291 1651 in
1312 1599 1426 1654 arbitrio
1444 1600 1535 1653 ridnae
1552 1617 1626 1664 esse,
1645 1617 1708 1651 nvrrn
1733 1598 1838 1664 dotem,
1865 1617 1898 1652 an

202 1699 307 1761 plurem
327 1685 437 1739 testibus
456 1683 604 1737 roboratam
623 1681 741 1749 redigere
760 1694 844 1743 curet,
861 1698 913 1750 quo
926 1679 1029 1734 facilior
1077 1699 1137 1735 cero
1155 1683 1304 1736 dotalitium
1325 1695 1414 1752 petere
1440 1685 1517 1748 uelit,
1543 1701 1608 1751 quaa
1631 1683 1666 1735 de
1693 1699 1724 1735 eo
1747 1683 1901 1751 recipientia

203 1773 296 1826 eradat
313 1768 443 1841 probatio.
461 1767 537 1820 Nuda
556 1784 618 1822 vero
631 1766 721 1818 mariti
733 1765 880 1831 misissem,
896 1767 956 1820 licet
969 1767 1029 1817 bae-
1078 1785 1153 1830 castr,
1172 1767 1275 1836 quando
1293 1769 1398 1820 virente
1418 1768 1513 1821 marito
1531 1767 1618 1820 dotem
1638 1767 1805 1830 numeravit,
1825 1783 1900 1820 secus

204 1855 315 1910 sedibus
331 1852 387 1907 suis
405 1851 582 1920 praejudicet,
602 1867 655 1903 non
675 1860 761 1904 urnac
782 1849 886 1902 nocebit
911 1851 1027 1917 agnatis,
1078 1867 1154 1913 cero,
1173 1851 1195 1902 si
1217 1861 1275 1920 post
1293 1851 1396 1903 obitum
1415 1853 1473 1918 ejus
1491 1849 1598 1902 demum
1611 1851 1711 1917 aquatis
1729 1849 1833 1910 offerat:
1853 1851 1899 1902 ubi

203 1939 311 1994 etiamsi
328 1936 396 1990 lacta
416 1937 498 1989 luerit
516 1935 545 1986 in
563 1945 739 1996 testamento,
761 1935 799 1985 tt.
822 1935 847 1986 d.
874 1932 975 1986 linies.
994 1934 1031 1985 od
1078 1950 1131 1986 non
1150 1945 1249 1988 tanturn
1269 1937 1364 1986 viduae
1383 1937 1453 1987 nulla
1478 1935 1587 1997 electio,
1613 1935 1658 1988 sed
1684 1936 1788 2002 agnatis
1811 1937 1899 2004 potins

205 2023 270 2092 ms.
289 2033 313 2074 s.
331 2018 355 2093 5
377 2031 401 2072 t.
419 2038 448 2072 n.
469 2030 509 2072 tt.
523 2018 577 2072 lieo
591 2017 668 2070 iacilc
680 2019 712 2070 sd
726 2022 906 2086 juramentum
920 2015 1028 2069 admitti
1079 2017 1231 2085 integrum,
1251 2017 1275 2069 ei
1296 2016 1335 2067 vel
1353 2017 1503 2068 dotslitinm
1525 2027 1670 2087 praestare,
1690 2016 1728 2068 rel
1747 2017 1836 2069 dotem
1848 2035 1900 2070 una

205 2107 345 2160 mulierem
365 2103 460 2157 debere
479 2102 569 2155 suadet
591 2103 696 2154 Pandus
713 2102 820 2155 dedat.
848 2119 874 2170 p.
904 2111 928 2150 a.
952 2119 977 2172 q.
1004 2113 1029 2154 t.
1078 2117 1138 2151 cum
1156 2100 1299 2153 donatione
1318 2109 1426 2170 propter
1445 2102 1610 2170 nuptias,ut
1623 2112 1711 2152 tamen
1730 2100 1793 2152 bare
1805 2101 1900 2152 ultima

204 2189 240 2242 ob
257 2203 390 2242 summurn
411 2198 507 2241 metum
522 2182 650 2255 periurii,
662 2187 694 2236 ad
707 2185 777 2254 qood
789 2221 798 2248 ,
810 2201 856 2255 spe
868 2185 1029 2254 qualiscnrn·
1079 2184 1156 2252 pleno
1174 2186 1231 2250 jure
1249 2184 1358 2240 babeat,
1380 2184 1503 2247 recidere,
1524 2185 1559 2234 ll.
1580 2184 1645 2235 Pist.
1662 2181 1689 2232 d.
1701 2183 1719 2233 l.
1732 2201 1756 2250 q.
1771 2192 1794 2234 t.
1809 2203 1836 2236 n.
1854 2195 1897 2235 tt.

203 2291 254 2344 qne
271 2271 377 2334 lucelli,
396 2270 568 2340 procliviores
592 2267 726 2320 interdurn
758 2267 896 2320 loerninae.
925 2266 1029 2338 Quibus
1077 2269 1146 2336 quod
1165 2269 1288 2321 extendit
1306 2267 1478 2337 Carpaovius,
1497 2267 1603 2320 etiarnsi
1623 2282 1746 2336 expresse
1758 2267 1841 2335 pactis
1854 2267 1902 2320 do-

205 2357 330 2412 omnibus
348 2355 377 2408 in
396 2355 495 2406 uostris
514 2351 666 2420 regionibus
679 2367 732 2404 non
746 2352 782 2404 ita
794 2368 875 2420 opus,
888 2367 967 2419 qnam
983 2349 1029 2402 ubi
1081 2351 1177 2404 talibus
1195 2351 1221 2405 ei
1240 2352 1329 2406 datum
1348 2351 1429 2406 inerit
1445 2351 1584 2403 electionis
1604 2347 1781 2416 beneficium
1800 2352 1861 2419 quia
1874 2369 1902 2402 c·

208 2442 276 2511 iuris
294 2437 444 2492 communis
462 2436 532 2505 riget
547 2434 727 2499 observantia,
746 2445 880 2504 postquam
898 2445 1029 2504 receptum
1079 2433 1136 2486 nim
1155 2436 1211 2504 ipsa
1228 2436 1394 2490 conventioni
1415 2453 1468 2488 uon
1487 2436 1576 2500 stetit,
1596 2451 1679 2504 neque
1697 2451 1729 2487 ea
1748 2434 1837 2486 eadem
1859 2455 1903 2505 pe-

205 2536 265 2589 est,
284 2533 328 2589 nt,
344 2521 422 2576 modo
436 2521 510 2573 dotis
523 2518 610 2571 illatio
620 2518 673 2571 rita
689 2518 833 2588 probetur,
846 2517 935 2587 agnati
950 2519 1029 2571 etiarn
1080 2531 1134 2574 tere
1149 2520 1213 2590 quid
1232 2529 1322 2591 potest
1340 2523 1369 2574 in
1389 2521 1462 2575 tertii
1482 2520 1685 2591 praejudicium.
1707 2539 1735 2591 p.
1760 2531 1785 2574 ι.
1809 2538 1832 2573 ο.
1858 2533 1899 2573 tt.

206 2611 239 2662 ad
258 2606 445 2679 praestandum
463 2604 558 2661 viduae
572 2603 704 2654 dotarium
717 2613 869 2666 teneantur,
882 2603 946 2655 licet
958 2601 1030 2654 nibil
1080 2603 1105 2656 d.
1129 2614 1170 2657 tt.

205 2691 239 2746 de
256 2708 286 2744 eo
305 2688 408 2745 sinente
427 2685 524 2742 marito
542 2695 632 2740 actum
651 2683 750 2748 luerit,
769 2695 847 2754 prout
872 2701 951 2754 supra
974 2702 1030 2738 mc·
1116 2690 1190 2759 Quae
1209 2690 1298 2744 onmia
1318 2703 1402 2745 tamen
1422 2709 1475 2746 non
1493 2687 1631 2756 officiunt,
1650 2689 1790 2761 quominus
1809 2690 1897 2757 silua,

206 2778 303 2830 nilum.
1081 2774 1232 2845 posthabita
1250 2775 1321 2828 dotis
1339 2776 1487 2830 alotslitiire
1505 2775 1648 2838 electione,
1675 2775 1823 2844 portionem
1849 2786 1903 2828 sta·

243 2861 368 2914 Liberum
386 2867 473 2911 sutem
487 2854 693 2918 estviduae,sn
712 2848 862 2906 dotalitium
877 2859 1032 2920 petere,sn
1082 2857 1206 2908 scuriam
1224 2874 1256 2910 ea
1276 2857 1437 2911 haereditate
1460 2859 1513 2912 ciri
1543 2857 1667 2927 amplecti
1691 2871 1784 2926 queat,
1813 2874 1846 2910 ne
1871 2860 1901 2911 in

206 2961 268 3001 vern
287 2943 372 2998 dotem
391 2951 511 3010 repetere
529 2938 659 3002 relit,cui
673 2933 798 2988 electioni
811 2930 884 2986 lavor
898 2932 1026 3002 inprimis
1080 2938 1172 2994 odium
1190 2943 1311 2996 mulieri,
1329 2952 1434 3010 nme,
1450 2940 1520 3012 quod
1539 2941 1568 2994 i„
1587 2940 1701 2994 [nomn
1717 2941 1837 3008 ,jusdem
1863 2953 1903 2996 ,ῃ

205 3026 307 3082 dotium
325 3039 351 3082 et
366 3024 544 3080 inerninarum
559 3037 664 3078 causam
678 3018 767 3086 detis,
780 3015 860 3087 idque
870 3015 975 3070 etiamsi
989 3018 1028 3072 si·
1082 3036 1230 3097 receptum
1249 3027 1318 3098 quod
1336 3025 1469 3090 eveniret,
1489 3025 1513 3078 si
1532 3025 1594 3080 dote
1610 3025 1705 3093 erigus
1729 3025 1817 3087 illata,
1844 3029 1902 3080 exi·

206 3124 281 3166 wille
300 3113 396 3164 marito
414 3109 562 3162 dotalitium
582 3105 753 3158 constitutum
774 3102 826 3162 bii,
853 3102 941 3156 situl·
964 3116 988 3152 ὃ.
1006 3101 1033 3174 j,
1081 3127 1131 3178 guo
1149 3109 1272 3165 domitio
1290 3120 1413 3164 content·
1432 3126 1489 3162 em
1511 3119 1662 3178 mperatum
1688 3119 1768 3180 ,ψῃ
1789 3110 1822 3162 de
1848 3111 1898 3164 hoc

197 3197 226 3267 fi
243 3214 266 3250 c.
288 3205 329 3250 tt.
348 3213 375 3249 a.
398 3204 439 3246 tt.
460 3193 492 3245 ln
509 3189 624 3244 arbitrio
643 3203 705 3241 vero
722 3185 821 3256 judicit
837 3185 905 3248 etii,
925 3195 1030 3256 lempst!
1081 3193 1329 3265 claredispositurn
1352 3195 1425 3262 inp.
1445 3205 1468 3246 s.
1487 3211 1510 3247 c.
1530 3204 1571 3246 tt·
1590 3214 1614 3249 r.
1632 3194 1725 3266 Carpe.
1743 3195 1769 3246 d.
1796 3209 1823 3249 t.
1853 3196 1900 3248 bac

206 3282 300 3336 viduae
315 3279 349 3336 ad
368 3275 537 3331 liberandum
557 3269 903 3346 praefigere,idqueprout
918 3272 1029 3323 velcum
1080 3287 1166 3330 tannen
1184 3277 1348 3340 conditione,
1369 3288 1399 3330 ut
1424 3295 1476 3330 non
1502 3286 1604 3332 tantum
1626 3279 1717 3332 omnia
1743 3299 1788 3334 sua
1812 3281 1899 3346 bona,

207 3363 300 3418 liberis
320 3359 360 3414 rel
378 3359 556 3412 creditoribus
573 3354 690 3410 deiuncti
705 3355 847 3423 agendum
862 3355 890 3406 iu
906 3355 1028 3406 l'omera-
1080 3371 1132 3414 snm
1150 3362 1185 3414 ...Ι
1204 3363 1327 3416 maritum
1345 3363 1441 3430 allata,
1459 3381 1537 3432 quam
1551 3364 1616 3417 alias
1628 3365 1757 3434 acquisita
1770 3365 1900 3430 conferre,

207 3447 252 3500 nia
270 3461 332 3500 vero
350 3443 486 3497 electorali
513 3443 596 3496 tribus
626 3439 763 3492 mensibus
786 3457 801 3490 a
826 3447 911 3491 morie
936 3435 1028 3490 mallii
1079 3443 1126 3496 sed
1143 3454 1172 3497 et
1188 3445 1315 3498 omnibus
1333 3446 1395 3498 aliis
1414 3445 1592 3501 muliebribus
1609 3449 1714 3518 juribus
1741 3451 1899 3504 renunciare

206 3529 392 3600 nnsuputandis
410 3527 488 3583 vidua
506 3539 545 3580 est
562 3525 704 3588 adstricta,
715 3523 825 3592 magnii.
838 3520 884 3574 dn·
898 3521 977 3573 ttnan
989 3518 1027 3571 ad
1080 3529 1235 3598 promittas,
1255 3547 1282 3598 ρ,
1302 3541 1327 3582 ι,
1345 3549 1369 3584 ⁶.
1391 3543 1433 3584 ιο,
1452 3531 1547 3602 (jn-92,
1563 3533 1601 3586 aa
1614 3535 1643 3588 a,
1660 3550 1683 3584 ρ,
1705 3545 1747 3586 ῃ,
1766 3535 1793 3587 d,
1807 3546 1830 3586 a,
1844 3535 1900 3588 „m

208 3612 272 3685 ²·s
295 3625 335 3668 ta.
353 3630 381 3666 n.
402 3622 443 3664 tt.
462 3611 542 3667 nnius
561 3618 649 3662 tameo
660 3608 790 3662 electione
801 3604 914 3660 alterius
924 3601 1027 3657 “iilum
1077 3625 1150 3682 pacta
1169 3612 1270 3668 dotalis
1285 3614 1391 3680 adsint,
1406 3617 1444 3669 vel
1459 3616 1605 3686 dispositio
1617 3618 1725 3683 mariti,
1736 3619 1833 3688 quibus
1847 3621 1902 3674 eota

208 3702 261 3756 ribi
280 3699 441 3772 praecludit.
463 3698 500 3750 n·
518 3697 546 3751 tn
564 3713 618 3750 uon
636 3695 756 3764 amptius
775 3692 860 3763 possis
884 3689 984 3744 variare
1001 3699 1030 3742 et
1079 3695 1143 3747 tatto
1156 3695 1325 3760 remittitur,
1344 3707 1372 3752 er
1389 3699 1477 3764 uxori,
1496 3710 1601 3770 praeter
1619 3703 1675 3768 jura
1689 3701 1717 3752 tu
1733 3700 1812 3754 raudo
1824 3719 1898 3755 corn-

211 3785 321 3838 ·iletttffl
341 3781 556 3852 tppfthssffli‘str
574 3779 652 3831 ΜΘΗ·
669 3795 696 3848 Ρ·
713 3787 737 3828 ²·
755 3792 780 3828 ⁰·
799 3785 840 3826 ⁴⁴·
854 3793 882 3826 n.
898 3785 921 3827 ²·
935 3788 1029 3844 etinte-
1080 3780 1304 3849 petentia,·etiam
1326 3783 1479 3837 statutariae
1497 3785 1625 3853 portionis
1642 3785 1819 3855 apprehensio
1837 3803 1900 3839 cou-

207 3867 289 3920 beusa
305 3869 379 3920 euim
398 3868 460 3920 dote
478 3865 596 3918 dotalitii
621 3866 663 3934 jus
687 3861 867 3930 extinguitur,
893 3860 944 3914 boc
969 3876 1030 3916 vern
1078 3863 1198 3927 ceditnr;
1216 3865 1287 3933 quod
1305 3865 1536 3920 etconsuetudine
1552 3868 1684 3922 introduci
1697 3878 1790 3938 potest.
1805 3867 1898 3938 Carpe.

208 3962 338 4020 acceptato
357 3950 404 4002 dos
421 3949 543 4017 expirat,
559 3966 586 4018 p.
608 3957 633 3998 a.
649 3963 672 4000 c.
694 3951 735 3997 ⁴2.
753 3960 819 4014 quae
837 3943 873 3998 ita
891 3941 970 3996 leudo
989 3943 1031 3994 in·
1079 3946 1105 3999 d.
1125 3957 1148 3998 t.
1167 3947 1246 4000 Sicut
1262 3966 1277 4000 e
1295 3950 1430 4002 contrario
1448 3949 1539 4019 pactis*
1551 3949 1686 4002 dotalibus
1710 3951 1788 4003 usori
1813 3949 1898 4002 adimi

209 4047 345 4106 corporata
364 4029 495 4102 fingitur,
513 4041 542 4085 ut
559 4031 636 4086 avelli
654 4029 741 4082 denuo
759 4035 886 4096 nequeat;
906 4026 962 4078 nisi
987 4043 1031 4095 pn·
1081 4039 1167 4098 potest
1185 4028 1294 4084 facultas
1311 4031 1531 4102 apprehendendi
1549 4032 1701 4102 portionem
1720 4033 1893 4096 statutariasn,

209 4122 255 4175 ctis
271 4120 348 4174 aliter
367 4118 403 4170 sit
420 4126 588 4179 conventum.
607 4112 864 4184 quseosnuinosuut
876 4109 1032 4164 attendenda
1079 4117 1175 4185 quibus
1192 4118 1302 4170 omniuo
1320 4127 1391 4171 stare
1407 4117 1545 4181 convenit,
1566 4117 1603 4172 uti
1620 4133 1654 4171 ex
1671 4118 1698 4170 b.
1714 4115 1816 4170 lirano.
1829 4129 1898 4172 cens.

210 4207 238 4258 d.
254 4222 276 4258 c.
296 4213 342 4256 tt.
356 4210 404 4256 ant
420 4201 535 4270 graviter
555 4199 634 4253 vidua
653 4199 682 4250 in
700 4195 809 4266 optione
824 4195 904 4258 laesa,
919 4195 956 4246 vel
970 4192 1030 4244 dolo
1083 4212 1107 4252 2.
1126 4201 1181 4255 dec,
1203 4215 1245 4256 ει,
1263 4212 1291 4255 03
1308 4201 1406 4255 cmii,
1429 4209 1472 4254 ss.
1493 4218 1525 4255 n,
1542 4212 1564 4254 s,
1583 4198 1657 4254 doces
1673 4199 1719 4254 du,
1740 4201 1847 4255 prgam
1866 4201 1896 4255 2¹„
1918 4211 1920 4218 ’

209 4290 241 4341 ad
259 4289 332 4341 illam
352 4286 461 4340 inducta
479 4282 577 4348 luerit,
597 4283 628 4334 it.
648 4281 673 4336 si
692 4281 781 4332 minor
806 4281 842 4330 sit
870 4289 911 4330 at.
936 4277 1031 4341 annis,
1081 4285 1129 4338 011,
1148 4285 1218 4354 αῖςρζ
1234 4303 1259 4338 ρ,
1280 4298 1304 4338 t.
1322 4301 1348 4337 ,Α
1371 4297 1413 4339 η,

213 4376 342 4442 eliamque
359 4375 453 4441 justam
471 4368 505 4420 ob
524 4383 645 4430 censam,
664 4381 730 4434 quae
749 4363 864 4432 judicum
884 4361 913 4412 iu
932 4373 1031 4414 contra·
1118 4369 1191 4437 Quae
1209 4370 1242 4422 de
1258 4369 1392 4440 portionis
1409 4371 1563 4425 statutarise
1579 4369 1793 4442 apprehensione
1817 4371 1892 4424 disi·
1933 4371 1971 4430 η’

212 4463 282 4510 rium
302 4463 416 4517 moreat,
435 4452 510 4506 lllcll.
528 4447 554 4502 d.
572 4450 590 4500 l.
610 4467 640 4500 ra.
669 4461 693 4500 a.
727 4443 947 4516 Quandoquidem
973 4459 1032 4496 vero
1083 4469 1156 4516 ruas,
1176 4467 1234 4508 nera
1254 4454 1332 4506 etiam
1352 4463 1427 4517 sunt,
1446 4456 1484 4516 si,
1503 4453 1573 4523 quod
1592 4453 1738 4506 universali
1765 4452 1843 4506 titulo
1872 4455 1899 4506 ei

210 4543 273 4594 baec
292 4537 447 4592 variationis
466 4534 575 4588 licentia
595 4550 648 4586 saon
667 4530 789 4600 exiguam
816 4528 903 4582 viduis
927 4525 1031 4580 deirw-
1082 4537 1192 4592 maritos
1207 4538 1236 4590 in
1250 4547 1409 4591 testamento
1422 4537 1545 4606 reliquit,
1556 4546 1696 4606 agnoscsts
1710 4551 1786 4588 secus
1800 4535 1823 4587 si
1839 4555 1898 4606 par·

212 4624 360 4678 drudorum
375 4621 538 4674 “ilduilfum
556 4610 1032 4684 ⁰⁰⁰²⁸i⁰²⁸m⁴l⁰⁸⁰⁴¹⁰ilu⁰⁸⁰bmi¹¹i·
1084 4623 1198 4686 tienlari,
1215 4621 1305 4692 legati,
1325 4622 1366 4673 val
1392 4621 1487 4674 mortis
1511 4639 1587 4674 musa
1616 4619 1767 4672 donationis
1792 4620 1897 4690 aliquid

212 4719 294 4772 strat,
313 4711 424 4776 ideoque
442 4723 496 4758 uon
515 4705 615 4772 injusta
638 4700 743 4756 litetur
773 4696 942 4761 nonantulo,
967 4711 1033 4764 quae
1082 4707 1191 4776 captas,
1210 4707 1304 4775 caepa.
1323 4707 1347 4759 rt
1368 4718 1392 4758 a.
1412 4717 1436 4758 s.
1454 4714 1488 4758 er.
1505 4703 1540 4758 de
1549 4700 1708 4776 junseem.
1727 4701 1785 4756 dee.
1804 4713 1894 4770 amos.

213 4797 241 4850 in
260 4795 439 4850 nw‘msrnitit
456 4793 623 4852 obteilfliuis
642 4799 672 4842 ui
689 4787 784 4849 sidus,
801 4798 870 4854 (1Ψο
887 4782 977 4834 ‘illim
990 4798 1032 4835 Ν·
1086 4800 1109 4841 t.
1128 4789 1182 4841 nisi
1200 4789 1318 4842 animum
1337 4786 1524 4858 cornpenssndi
1541 4797 1690 4842 testatorem
1708 4785 1833 4842 babuisse
1857 4787 1902 4840 itt-¹

213 4892 302 4953 petere
319 4883 387 4944 uult,
407 4881 482 4934 intra.
504 4890 528 4931 t.
553 4875 719 4947 septimanas
744 4868 923 4924 inventarium
948 4863 1032 4922 eonfi-
1082 4875 1202 4928 nutante,-
1219 4883 1358 4943 199.an

214 4969 282 5031 mat,
300 4976 328 5020 et
344 4967 415 5020 intra
432 4964 498 5016 allus
513 4975 537 5016 s.
551 4961 714 5030 septimanas
734 4957 894 5010 voluntatem
909 4951 1032 5018 declaret,
1120 4961 1172 5014 Sed
1190 4977 1224 5012 an
1243 4961 1286 5012 bis
1304 4959 1410 5014 casibus
1427 4959 1506 5014 etiarn
1526 4958 1619 5012 viduae
1642 4970 1775 5026 regressus
1788 4957 1897 5013 dabitur
1937 4984 1969 5026 η

213 5069 246 5104 au
263 5051 337 5104 illata
356 5058 479 5118 repetere
498 5047 576 5113 velit,
595 5045 635 5098 vel
654 5059 724 5106 non,
744 5041 790 5093 dn.
810 5039 900 5092 Praes.
919 5036 983 5092 diss.
1000 5036 1034 5088 de
1082 5041 1115 5096 ad
1135 5043 1295 5108 dotalitium,
1315 5045 1339 5096 si
1357 5043 1507 5113 portionem
1521 5041 1725 5096 haereditariam
1740 5044 1897 5096 damnosam

209 5136 347 5206 jurens'd.
367 5136 429 5189 nob.
448 5134 549 5190 marci.
566 5149 588 5184 c.
609 5141 633 5182 a.
656 5147 685 5180 n.
714 5137 754 5178 rt.
780 5124 834 5178 libi
864 5141 917 5176 ucu
943 5120 1034 5188 exigui
1085 5127 1136 5180 eibi
1155 5125 1271 5180 sentiat?
1290 5125 1438 5180 Difficilius
1456 5125 1573 5196 proiecto
1592 5125 1718 5181 reddetur
1741 5127 1849 5180 mulieri
1870 5146 1901 5182 ea

216 5223 342 5276 snomenti
360 5220 485 5274 dubium:
498 5237 532 5272 tttt
543 5213 674 5270 sler'tl'tlat
687 5210 764 5266 laudi
780 5207 902 5272 leudulis,
916 5207 957 5264 tei
969 5205 1033 5260 beili
1084 5210 1206 5275 variatio,
1217 5209 1351 5265 accedam
1364 5211 1535 5266 haereditatis
1547 5210 1673 5274 aditione,
1685 5229 1753 5280 quan
1764 5213 1903 5280 anquiren.

215 5307 349 5361 calamitas
367 5306 508 5367 eveniens,
525 5319 592 5373 qnae
611 5300 727 5363 iaciunt,
739 5315 774 5352 ne
786 5297 978 5369 praestationes
990 5294 1035 5346 de·
1087 5306 1138 5352 tem
1159 5305 1317 5364 perpetuum
1334 5293 1422 5348 ellicit
1439 5295 1588 5348 baeredern.
1606 5294 1645 5346 nx
1663 5311 1747 5364 aequo
1767 5305 1854 5350 tamen
1871 5300 1898 5352 ei

215 5390 437 5447 bitaeioeminae
454 5391 510 5443 sint
528 5390 628 5450 salvae,
647 5389 715 5454 justa
733 5401 812 5436 causa
829 5379 949 5434 mutandi
974 5393 1036 5432 enn-
1086 5377 1298 5431 subveniendum
1318 5378 1436 5442 videtur,
1455 5378 1479 5430 si
1492 5376 1615 5432 coniecto
1634 5379 1785 5432 inventario
1804 5379 1897 5432 docere

219 5479 288 5542 sitii,
305 5488 333 5533 et
351 5477 429 5533 vidua
448 5493 496 5547 pro
515 5486 589 5528 antea
609 5470 776 5542 apprehenso
794 5465 926 5527 dotalitio,
946 5461 1034 5515 dotem
1084 5473 1178 5530 «queat,
1198 5476 1227 5513 se
1247 5469 1350 5514 tanturn
1368 5471 1534 5515 consecutam
1546 5479 1599 5516 nnn
1613 5478 1691 5527 essa,
1709 5475 1833 5530 quantum
1855 5466 1902 5514 ba·

220 5572 333 5629 repetere
350 5557 447 5630 queat?
465 5562 539 5631 Quas
558 5568 680 5627 quaestio
700 5557 799 5624 pendet
816 5555 850 5606 ab
863 5552 925 5603 ills:
938 5565 972 5600 sn
985 5549 1035 5599 lton
1086 5547 1161 5600 beret
1176 5545 1296 5600 dotalitio
1316 5547 1355 5600 vel
1374 5549 1435 5598 dote
1447 5546 1606 5615 acceptatis,
1620 5563 1672 5614 quo
1685 5561 1748 5598 casu
1761 5546 1902 5602 reviviscat

218 5647 404 5720 casuintsgras
417 5642 596 5698 nibilominus
609 5641 896 5714 pensionespraeatare
909 5631 1033 5686 obstricti
1086 5633 1160 5704 quasi
1179 5631 1251 5702 optio
1269 5623 1339 5686 dotis
1370 5640 1414 5686 ant
1439 5630 1567 5700 dotalitii,
1589 5629 1757 5701 quoad-caru
1784 5646 1899 5702 punem,

1945 5706 1984 5713 Α
