<?xml version="1.0" encoding="UTF-8"?>
<!DOCTYPE html PUBLIC "-//W3C//DTD XHTML 1.0 Transitional//EN"
    "http://www.w3.org/TR/xhtml1/DTD/xhtml1-transitional.dtd">
<html xmlns="http://www.w3.org/1999/xhtml" xml:lang="en" lang="en">
 <head>
  <title>
</title>
<meta http-equiv="Content-Type" content="text/html;charset=utf-8" />
  <meta name='ocr-system' content='tesseract 3.04.00' />
  <meta name='ocr-capabilities' content='ocr_page ocr_carea ocr_par ocr_line ocrx_word'/>
</head>
<body>
  <div class='ocr_page' id='page_1' title='image "./samuelisstrykii08schogoog_0148.png"; bbox 0 0 4396 6286; ppageno 0'>
   <div class='ocr_carea' id='block_1_1' title="bbox 834 125 901 194">
    <p class='ocr_par' dir='ltr' id='par_1_1' title="bbox 834 125 901 194">
     <span class='ocr_line' id='line_1_1' title="bbox 834 125 901 194; baseline 0 -10"><span class='ocrx_word' id='word_1_1' title='bbox 834 125 901 194; x_wconf 60' lang='grc' dir='ltr'>ιζ,</span> 
     </span>
    </p>
   </div>
   <div class='ocr_carea' id='block_1_2' title="bbox 877 353 920 400">
    <p class='ocr_par' dir='ltr' id='par_1_2' title="bbox 877 353 920 400">
     <span class='ocr_line' id='line_1_2' title="bbox 877 353 920 400; baseline 0 -33"><span class='ocrx_word' id='word_1_2' title='bbox 877 353 894 400; x_wconf 53' lang='lat'>4</span> <span class='ocrx_word' id='word_1_3' title='bbox 916 361 920 367; x_wconf 88' lang='lat'><em>.</em></span> 
     </span>
    </p>
   </div>
   <div class='ocr_carea' id='block_1_3' title="bbox 515 398 1784 846">
    <p class='ocr_par' dir='ltr' id='par_1_3' title="bbox 515 398 1784 846">
     <span class='ocr_line' id='line_1_3' title="bbox 887 398 1441 578; baseline -0.011 -2"><span class='ocrx_word' id='word_1_4' title='bbox 887 398 1441 578; x_wconf 62' lang='lat' dir='ltr'>⁴ltlSl’U&#39;l&#39;A&#39;l&#39;lllSEXTA⁴</span> 
     </span>
     <span class='ocr_line' id='line_1_4' title="bbox 515 701 1784 846; baseline -0.004 -23"><span class='ocrx_word' id='word_1_5' title='bbox 515 707 618 823; x_wconf 83' lang='lat' dir='ltr'>aa</span> <span class='ocrx_word' id='word_1_6' title='bbox 669 709 1151 828; x_wconf 82' lang='lat' dir='ltr'>toaauauao</span> <span class='ocrx_word' id='word_1_7' title='bbox 1201 701 1784 846; x_wconf 67' lang='lat' dir='ltr'>aaaaaaaaaaa,</span> 
     </span>
    </p>
   </div>
   <div class='ocr_carea' id='block_1_4' title="bbox 804 947 1515 998">
    <p class='ocr_par' dir='ltr' id='par_1_4' title="bbox 804 947 1515 998">
     <span class='ocr_line' id='line_1_5' title="bbox 804 947 1515 998; baseline -0.011 0"><span class='ocrx_word' id='word_1_8' title='bbox 804 951 846 998; x_wconf 70' lang='grc' dir='ltr'>ΑΒ</span> <span class='ocrx_word' id='word_1_9' title='bbox 869 953 948 998; x_wconf 73' lang='lat' dir='ltr'>DIE!</span> <span class='ocrx_word' id='word_1_10' title='bbox 971 953 1054 998; x_wconf 79' lang='lat' dir='ltr'>xm.</span> <span class='ocrx_word' id='word_1_11' title='bbox 1077 949 1210 997; x_wconf 65' lang='lat' dir='ltr'>AUGUST·</span> <span class='ocrx_word' id='word_1_12' title='bbox 1233 948 1318 995; x_wconf 73' lang='lat' dir='ltr'>Hillo</span> <span class='ocrx_word' id='word_1_13' title='bbox 1340 947 1515 992; x_wconf 68' lang='lat' dir='ltr'>mum.</span> 
     </span>
    </p>
   </div>
   <div class='ocr_carea' id='block_1_5' title="bbox 962 1121 1361 1172">
    <p class='ocr_par' dir='ltr' id='par_1_5' title="bbox 962 1121 1361 1172">
     <span class='ocr_line' id='line_1_6' title="bbox 962 1121 1361 1172; baseline -0.018 -2"><span class='ocrx_word' id='word_1_14' title='bbox 962 1131 1053 1172; x_wconf 65' lang='grc' dir='ltr'>ΙΝ</span> <span class='ocrx_word' id='word_1_15' title='bbox 1091 1121 1361 1170; x_wconf 61' lang='lat' dir='ltr'>Melit-2¹11</span> 
     </span>
    </p>
   </div>
   <div class='ocr_carea' id='block_1_6' title="bbox 713 1257 1637 1350">
    <p class='ocr_par' dir='ltr' id='par_1_6' title="bbox 713 1257 1637 1350">
     <span class='ocr_line' id='line_1_7' title="bbox 713 1257 1637 1350; baseline -0.008 -19"><span class='ocrx_word' id='word_1_16' title='bbox 713 1262 1025 1339; x_wconf 77' lang='lat' dir='ltr'>SIGISMUNDUS</span> <span class='ocrx_word' id='word_1_17' title='bbox 1048 1262 1231 1350; x_wconf 88' lang='lat' dir='ltr'>CEDEL‚</span> <span class='ocrx_word' id='word_1_18' title='bbox 1254 1258 1375 1330; x_wconf 81' lang='lat' dir='ltr'><strong>SORA</strong></span> <span class='ocrx_word' id='word_1_19' title='bbox 1398 1257 1637 1328; x_wconf 69' lang='lat' dir='ltr'>nostrus.</span> 
     </span>
    </p>
   </div>
   <div class='ocr_carea' id='block_1_7' title="bbox 885 1461 1442 1508">
    <p class='ocr_par' dir='ltr' id='par_1_7' title="bbox 885 1461 1442 1508">
     <span class='ocr_line' id='line_1_8' title="bbox 885 1461 1442 1508; baseline -0.014 -14"><span class='ocrx_word' id='word_1_20' title='bbox 885 1461 1442 1508; x_wconf 60' lang='grc' dir='ltr'>...ψ-.-</span> 
     </span>
    </p>
   </div>
   <div class='ocr_carea' id='block_1_8' title="bbox 1015 1673 1369 1761">
    <p class='ocr_par' dir='ltr' id='par_1_8' title="bbox 1015 1673 1369 1761">
     <span class='ocr_line' id='line_1_9' title="bbox 1015 1673 1369 1761; baseline -0.008 -1"><span class='ocrx_word' id='word_1_21' title='bbox 1015 1686 1317 1761; x_wconf 78' lang='lat' dir='ltr'><strong><em>INGRESSUS.</em></strong></span> <span class='ocrx_word' id='word_1_22' title='bbox 1367 1673 1369 1677; x_wconf 33' lang='lat'>⁵</span> 
     </span>
    </p>
   </div>
   <div class='ocr_carea' id='block_1_9' title="bbox 330 1933 2012 2144">
    <p class='ocr_par' dir='ltr' id='par_1_9' title="bbox 330 1933 2012 2144">
     <span class='ocr_line' id='line_1_10' title="bbox 330 1933 2012 2144; baseline -0.008 -80"><span class='ocrx_word' id='word_1_23' title='bbox 330 1933 603 2086; x_wconf 81' lang='lat' dir='ltr'>Turpissimum</span> <span class='ocrx_word' id='word_1_24' title='bbox 627 2021 710 2076; x_wconf 82' lang='lat' dir='ltr'>esse,</span> <span class='ocrx_word' id='word_1_25' title='bbox 733 1961 914 2082; x_wconf 87' lang='lat' dir='ltr'>pauperem</span> <span class='ocrx_word' id='word_1_26' title='bbox 938 1990 1125 2079; x_wconf 82' lang='lat' dir='ltr'>deprimere</span> <span class='ocrx_word' id='word_1_27' title='bbox 1155 2013 1188 2059; x_wconf 91' lang='lat' dir='ltr'>et</span> <span class='ocrx_word' id='word_1_28' title='bbox 1217 1991 1429 2144; x_wconf 74' lang='lat' dir='ltr'>deplumare,</span> <span class='ocrx_word' id='word_1_29' title='bbox 1454 2001 1572 2058; x_wconf 87' lang='lat' dir='ltr'>notum</span> <span class='ocrx_word' id='word_1_30' title='bbox 1604 1990 1639 2054; x_wconf 91' lang='lat' dir='ltr'>in</span> <span class='ocrx_word' id='word_1_31' title='bbox 1670 1987 1793 2078; x_wconf 79' lang='lat' dir='ltr'>vulgus</span> <span class='ocrx_word' id='word_1_32' title='bbox 1823 2005 1884 2054; x_wconf 87' lang='lat' dir='ltr'>est.</span> <span class='ocrx_word' id='word_1_33' title='bbox 1918 1984 2012 2051; x_wconf 87' lang='lat' dir='ltr'>Dens</span> 
     </span>
    </p>
   </div>
   <div class='ocr_carea' id='block_1_10' title="bbox 324 2077 2016 4223">
    <p class='ocr_par' dir='ltr' id='par_1_10' title="bbox 324 2077 2016 4223">
     <span class='ocr_line' id='line_1_11' title="bbox 327 2077 2014 2176; baseline -0.004 -29"><span class='ocrx_word' id='word_1_34' title='bbox 327 2083 401 2172; x_wconf 89' lang='lat' dir='ltr'>ipse</span> <span class='ocrx_word' id='word_1_35' title='bbox 424 2085 590 2176; x_wconf 80' lang='lat' dir='ltr'><strong>insignem</strong></span> <span class='ocrx_word' id='word_1_36' title='bbox 613 2104 800 2173; x_wconf 86' lang='lat' dir='ltr'>pauperum</span> <span class='ocrx_word' id='word_1_37' title='bbox 822 2102 937 2146; x_wconf 89' lang='lat' dir='ltr'>curam</span> <span class='ocrx_word' id='word_1_38' title='bbox 959 2080 1046 2170; x_wconf 82' lang='lat' dir='ltr'>gerit</span> <span class='ocrx_word' id='word_1_39' title='bbox 1068 2093 1102 2147; x_wconf 90' lang='lat' dir='ltr'>et</span> <span class='ocrx_word' id='word_1_40' title='bbox 1125 2103 1179 2148; x_wconf 92' lang='lat' dir='ltr'>eos</span> <span class='ocrx_word' id='word_1_41' title='bbox 1201 2102 1260 2146; x_wconf 83' lang='lat' dir='ltr'>eve</span> <span class='ocrx_word' id='word_1_42' title='bbox 1286 2079 1329 2157; x_wconf 89' lang='lat' dir='ltr'>it,</span> <span class='ocrx_word' id='word_1_43' title='bbox 1346 2096 1379 2142; x_wconf 87' lang='lat' dir='ltr'>et</span> <span class='ocrx_word' id='word_1_44' title='bbox 1401 2081 1647 2169; x_wconf 83' lang='lat' dir='ltr'>magistratibus</span> <span class='ocrx_word' id='word_1_45' title='bbox 1671 2081 1826 2143; x_wconf 88' lang='lat' dir='ltr'>tenuium</span> <span class='ocrx_word' id='word_1_46' title='bbox 1851 2077 2014 2166; x_wconf 89' lang='lat' dir='ltr'>patrimo·</span> 
     </span>
     <span class='ocr_line' id='line_1_12' title="bbox 327 2165 2012 2262; baseline -0.005 -23"><span class='ocrx_word' id='word_1_47' title='bbox 327 2173 425 2240; x_wconf 90' lang='lat' dir='ltr'>nium</span> <span class='ocrx_word' id='word_1_48' title='bbox 459 2169 718 2262; x_wconf 77' lang='lat' dir='ltr'>suscipientibus</span> <span class='ocrx_word' id='word_1_49' title='bbox 747 2167 1013 2236; x_wconf 83' lang='lat' dir='ltr'>florentissimam</span> <span class='ocrx_word' id='word_1_50' title='bbox 1036 2169 1156 2260; x_wconf 91' lang='lat' dir='ltr'>opibus</span> <span class='ocrx_word' id='word_1_51' title='bbox 1190 2179 1226 2235; x_wconf 89' lang='lat' dir='ltr'>et</span> <span class='ocrx_word' id='word_1_52' title='bbox 1253 2165 1402 2234; x_wconf 89' lang='lat' dir='ltr'>victoriis</span> <span class='ocrx_word' id='word_1_53' title='bbox 1431 2167 1671 2260; x_wconf 80' lang='lat' dir='ltr'>rempublicam</span> <span class='ocrx_word' id='word_1_54' title='bbox 1696 2167 1811 2233; x_wconf 88' lang='lat' dir='ltr'>tradit.</span> <span class='ocrx_word' id='word_1_55' title='bbox 1835 2167 1906 2256; x_wconf 86' lang='lat' dir='ltr'>Qui</span> <span class='ocrx_word' id='word_1_56' title='bbox 1931 2189 2012 2232; x_wconf 89' lang='lat' dir='ltr'>vero</span> 
     </span>
     <span class='ocr_line' id='line_1_13' title="bbox 327 2254 2016 2354; baseline -0.005 -24"><span class='ocrx_word' id='word_1_57' title='bbox 327 2282 505 2354; x_wconf 82' lang='lat' dir='ltr'>egenorum</span> <span class='ocrx_word' id='word_1_58' title='bbox 534 2270 843 2351; x_wconf 78' lang='lat' dir='ltr'>quantamcumque</span> <span class='ocrx_word' id='word_1_59' title='bbox 870 2259 1034 2352; x_wconf 87' lang='lat' dir='ltr'>reliquam</span> <span class='ocrx_word' id='word_1_60' title='bbox 1059 2256 1283 2327; x_wconf 87' lang='lat' dir='ltr'>substantiam·</span> <span class='ocrx_word' id='word_1_61' title='bbox 1306 2255 1494 2347; x_wconf 82' lang='lat' dir='ltr'>diripiunt,</span> <span class='ocrx_word' id='word_1_62' title='bbox 1518 2281 1652 2350; x_wconf 84' lang='lat' dir='ltr'>magnas</span> <span class='ocrx_word' id='word_1_63' title='bbox 1667 2256 1731 2323; x_wconf 89' lang='lat' dir='ltr'>sibi</span> <span class='ocrx_word' id='word_1_64' title='bbox 1747 2270 1780 2323; x_wconf 91' lang='lat' dir='ltr'>et</span> <span class='ocrx_word' id='word_1_65' title='bbox 1808 2254 2016 2349; x_wconf 85' lang='lat' dir='ltr'>reipublicae</span> 
     </span>
     <span class='ocr_line' id='line_1_14' title="bbox 327 2343 2013 2441; baseline -0.005 -22"><span class='ocrx_word' id='word_1_66' title='bbox 327 2366 495 2419; x_wconf 87' lang='lat' dir='ltr'>accersunt</span> <span class='ocrx_word' id='word_1_67' title='bbox 515 2349 639 2431; x_wconf 85' lang='lat' dir='ltr'>clades,</span> <span class='ocrx_word' id='word_1_68' title='bbox 663 2348 755 2441; x_wconf 90' lang='lat' dir='ltr'>quod</span> <span class='ocrx_word' id='word_1_69' title='bbox 777 2351 999 2417; x_wconf 86' lang='lat' dir='ltr'>comminatur</span> <span class='ocrx_word' id='word_1_70' title='bbox 1021 2349 1147 2420; x_wconf 87' lang='lat' dir='ltr'>Jebova</span> <span class='ocrx_word' id='word_1_71' title='bbox 1170 2371 1231 2440; x_wconf 86' lang='lat' dir='ltr'>per</span> <span class='ocrx_word' id='word_1_72' title='bbox 1253 2345 1421 2415; x_wconf 86' lang='lat' dir='ltr'>Prosetam</span> <span class='ocrx_word' id='word_1_73' title='bbox 1445 2345 1557 2417; x_wconf 86' lang='lat' dir='ltr'>Amos</span> <span class='ocrx_word' id='word_1_74' title='bbox 1580 2373 1654 2440; x_wconf 85' lang='lat' dir='ltr'>cap.</span> <span class='ocrx_word' id='word_1_75' title='bbox 1680 2347 1711 2414; x_wconf 83' lang='lat'>5.</span> <span class='ocrx_word' id='word_1_76' title='bbox 1734 2372 1819 2416; x_wconf 82' lang='lat' dir='ltr'>oers.</span> <span class='ocrx_word' id='word_1_77' title='bbox 1850 2373 1900 2414; x_wconf 88' lang='grc' dir='ltr'>ιι.</span> <span class='ocrx_word' id='word_1_78' title='bbox 1916 2343 2013 2428; x_wconf 84' lang='lat' dir='ltr'>ideo,</span> 
     </span>
     <span class='ocr_line' id='line_1_15' title="bbox 327 2434 2015 2534; baseline -0.002 -26"><span class='ocrx_word' id='word_1_79' title='bbox 327 2441 460 2532; x_wconf 87' lang='lat' dir='ltr'>inquit,</span> <span class='ocrx_word' id='word_1_80' title='bbox 505 2437 574 2508; x_wconf 87' lang='lat' dir='ltr'>nod</span> <span class='ocrx_word' id='word_1_81' title='bbox 595 2438 794 2528; x_wconf 74' lang='lat' dir='ltr'>diripuistis</span> <span class='ocrx_word' id='word_1_82' title='bbox 812 2465 999 2534; x_wconf 76' lang='lat' dir='ltr'>pauperem</span> <span class='ocrx_word' id='word_1_83' title='bbox 1020 2453 1056 2506; x_wconf 89' lang='lat' dir='ltr'>et</span> <span class='ocrx_word' id='word_1_84' title='bbox 1075 2441 1242 2530; x_wconf 79' lang='lat' dir='ltr'><strong><em>praedam</em></strong></span> <span class='ocrx_word' id='word_1_85' title='bbox 1264 2437 1410 2505; x_wconf 84' lang='lat' dir='ltr'>electam</span> <span class='ocrx_word' id='word_1_86' title='bbox 1432 2437 1561 2509; x_wconf 86' lang='lat' dir='ltr'>tulistis</span> <span class='ocrx_word' id='word_1_87' title='bbox 1585 2439 1627 2506; x_wconf 85' lang='lat' dir='ltr'>ab</span> <span class='ocrx_word' id='word_1_88' title='bbox 1644 2461 1703 2522; x_wconf 89' lang='lat' dir='ltr'>eo,</span> <span class='ocrx_word' id='word_1_89' title='bbox 1725 2437 1843 2506; x_wconf 87' lang='lat' dir='ltr'>domos</span> <span class='ocrx_word' id='word_1_90' title='bbox 1857 2434 2015 2530; x_wconf 77' lang='lat' dir='ltr'>quodan-</span> 
     </span>
     <span class='ocr_line' id='line_1_16' title="bbox 324 2527 2011 2623; baseline -0.004 -23"><span class='ocrx_word' id='word_1_91' title='bbox 324 2547 381 2600; x_wconf 82' lang='lat' dir='ltr'>tas</span> <span class='ocrx_word' id='word_1_92' title='bbox 395 2531 468 2623; x_wconf 82' lang='lat' dir='ltr'>lupi</span> <span class='ocrx_word' id='word_1_93' title='bbox 494 2528 751 2622; x_wconf 70' lang='lat' dir='ltr'>enedfitnbt&#39;tis</span> <span class='ocrx_word' id='word_1_94' title='bbox 766 2547 798 2599; x_wconf 88' lang='lat' dir='ltr'>et</span> <span class='ocrx_word' id='word_1_95' title='bbox 813 2553 883 2598; x_wconf 87' lang='lat' dir='ltr'>nott</span> <span class='ocrx_word' id='word_1_96' title='bbox 898 2527 1098 2599; x_wconf 80' lang='lat' dir='ltr'>habitabitis</span> <span class='ocrx_word' id='word_1_97' title='bbox 1113 2531 1152 2598; x_wconf 84' lang='lat' dir='ltr'>in</span> <span class='ocrx_word' id='word_1_98' title='bbox 1167 2533 1234 2598; x_wconf 81' lang='lat' dir='ltr'>eis:</span> <span class='ocrx_word' id='word_1_99' title='bbox 1249 2528 1370 2597; x_wconf 86' lang='lat' dir='ltr'>vineas</span> <span class='ocrx_word' id='word_1_100' title='bbox 1379 2531 1588 2622; x_wconf 76' lang='lat' dir='ltr'>plantabitis</span> <span class='ocrx_word' id='word_1_101' title='bbox 1603 2531 1878 2616; x_wconf 84' lang='lat' dir='ltr'>amoenissimas,</span> <span class='ocrx_word' id='word_1_102' title='bbox 1893 2541 1926 2593; x_wconf 90' lang='lat' dir='ltr'>et</span> <span class='ocrx_word' id='word_1_103' title='bbox 1940 2549 2011 2594; x_wconf 86' lang='lat' dir='ltr'>non</span> 
     </span>
     <span class='ocr_line' id='line_1_17' title="bbox 325 2617 2011 2712; baseline -0.005 -21"><span class='ocrx_word' id='word_1_104' title='bbox 325 2621 451 2691; x_wconf 73' lang='lat' dir='ltr'>tiberis</span> <span class='ocrx_word' id='word_1_105' title='bbox 465 2625 587 2689; x_wconf 82' lang='lat' dir='ltr'>ninum</span> <span class='ocrx_word' id='word_1_106' title='bbox 601 2645 737 2691; x_wconf 83' lang='lat' dir='ltr'>earum.</span> <span class='ocrx_word' id='word_1_107' title='bbox 759 2622 845 2689; x_wconf 87' lang='lat' dir='ltr'>Utut</span> <span class='ocrx_word' id='word_1_108' title='bbox 867 2641 981 2690; x_wconf 89' lang='lat' dir='ltr'>autem</span> <span class='ocrx_word' id='word_1_109' title='bbox 1004 2633 1197 2712; x_wconf 88' lang='lat' dir='ltr'>paupertas,</span> <span class='ocrx_word' id='word_1_110' title='bbox 1221 2619 1598 2712; x_wconf 25' lang='lat' dir='ltr'>secundum-corruptos</span> <span class='ocrx_word' id='word_1_111' title='bbox 1620 2621 1723 2688; x_wconf 88' lang='lat' dir='ltr'>seculi</span> <span class='ocrx_word' id='word_1_112' title='bbox 1741 2643 1864 2703; x_wconf 88' lang='lat' dir='ltr'>mores,</span> <span class='ocrx_word' id='word_1_113' title='bbox 1889 2617 2011 2709; x_wconf 82' lang='lat' dir='ltr'>pleris-</span> 
     </span>
     <span class='ocr_line' id='line_1_18' title="bbox 325 2709 2014 2806; baseline -0.004 -27"><span class='ocrx_word' id='word_1_114' title='bbox 325 2737 395 2806; x_wconf 86' lang='lat' dir='ltr'>que</span> <span class='ocrx_word' id='word_1_115' title='bbox 423 2711 596 2780; x_wconf 83' lang='lat' dir='ltr'>maledicto</span> <span class='ocrx_word' id='word_1_116' title='bbox 621 2711 809 2806; x_wconf 90' lang='lat' dir='ltr'>probroque</span> <span class='ocrx_word' id='word_1_117' title='bbox 839 2711 898 2795; x_wconf 86' lang='lat' dir='ltr'>sit,</span> <span class='ocrx_word' id='word_1_118' title='bbox 922 2725 1110 2802; x_wconf 88' lang='lat' dir='ltr'>contempta</span> <span class='ocrx_word' id='word_1_119' title='bbox 1134 2709 1314 2794; x_wconf 90' lang='lat' dir='ltr'>divitibus,</span> <span class='ocrx_word' id='word_1_120' title='bbox 1338 2709 1443 2778; x_wconf 87' lang='lat' dir='ltr'>invisa</span> <span class='ocrx_word' id='word_1_121' title='bbox 1469 2709 1693 2803; x_wconf 59' lang='lat' dir='ltr'>pauperibuat</span> <span class='ocrx_word' id='word_1_122' title='bbox 1716 2727 1862 2778; x_wconf 76' lang='lat' dir='ltr'><strong>attamen</strong></span> <span class='ocrx_word' id='word_1_123' title='bbox 1887 2731 1949 2799; x_wconf 88' lang='lat' dir='ltr'>pau</span> <span class='ocrx_word' id='word_1_124' title='bbox 1997 2747 2014 2760; x_wconf 94' lang='lat'><strong>·</strong></span> 
     </span>
     <span class='ocr_line' id='line_1_19' title="bbox 325 2731 2013 2896; baseline -0.005 -25"><span class='ocrx_word' id='word_1_125' title='bbox 325 2825 404 2872; x_wconf 88' lang='lat' dir='ltr'>rum</span> <span class='ocrx_word' id='word_1_126' title='bbox 425 2826 536 2870; x_wconf 89' lang='lat' dir='ltr'>causas</span> <span class='ocrx_word' id='word_1_127' title='bbox 559 2825 657 2896; x_wconf 83' lang='lat' dir='ltr'>agere</span> <span class='ocrx_word' id='word_1_128' title='bbox 678 2804 858 2895; x_wconf 83' lang='lat' dir='ltr'>nunquam</span> <span class='ocrx_word' id='word_1_129' title='bbox 880 2801 1036 2869; x_wconf 84' lang='lat' dir='ltr'>desistere</span> <span class='ocrx_word' id='word_1_130' title='bbox 1062 2802 1169 2888; x_wconf 90' lang='lat' dir='ltr'>volui,</span> <span class='ocrx_word' id='word_1_131' title='bbox 1193 2826 1271 2884; x_wconf 87' lang='lat' dir='ltr'>nee,</span> <span class='ocrx_word' id='word_1_132' title='bbox 1295 2799 1412 2867; x_wconf 85' lang='lat' dir='ltr'>divina</span> <span class='ocrx_word' id='word_1_133' title='bbox 1436 2800 1540 2869; x_wconf 86' lang='lat' dir='ltr'>fretus</span> <span class='ocrx_word' id='word_1_134' title='bbox 1563 2803 1689 2894; x_wconf 84' lang='lat' dir='ltr'>gratia,</span> <span class='ocrx_word' id='word_1_135' title='bbox 1712 2799 1890 2882; x_wconf 78' lang='lat' dir='ltr'>desistam,</span> <span class='ocrx_word' id='word_1_136' title='bbox 1913 2731 2013 2864; x_wconf 54' lang='lat' dir='ltr'>indri-</span> 
     </span>
     <span class='ocr_line' id='line_1_20' title="bbox 326 2886 2012 2987; baseline -0.003 -26"><span class='ocrx_word' id='word_1_137' title='bbox 326 2893 516 2987; x_wconf 73' lang='lat' dir='ltr'>quereiam</span> <span class='ocrx_word' id='word_1_138' title='bbox 538 2891 799 2984; x_wconf 79' lang='lat' dir='ltr'>dejurantento</span> <span class='ocrx_word' id='word_1_139' title='bbox 844 2893 1056 2984; x_wconf 83' lang='lat' dir='ltr'>aupertatr&#39;s,</span> <span class='ocrx_word' id='word_1_140' title='bbox 1081 2893 1151 2960; x_wconf 91' lang='lat' dir='ltr'>loco</span> <span class='ocrx_word' id='word_1_141' title='bbox 1181 2890 1434 2982; x_wconf 84' lang='lat' dir='ltr'>disputationis,</span> <span class='ocrx_word' id='word_1_142' title='bbox 1459 2906 1497 2960; x_wconf 84' lang='lat' dir='ltr'>ut</span> <span class='ocrx_word' id='word_1_143' title='bbox 1528 2904 1662 2976; x_wconf 88' lang='lat' dir='ltr'>vocant,</span> <span class='ocrx_word' id='word_1_144' title='bbox 1686 2889 1913 2984; x_wconf 79' lang='lat' dir='ltr'>inaugural‘ts,</span> <span class='ocrx_word' id='word_1_145' title='bbox 1938 2886 2012 2956; x_wconf 88' lang='lat' dir='ltr'>dis-</span> 
     </span>
     <span class='ocr_line' id='line_1_21' title="bbox 326 2915 2010 3078; baseline -0.005 -25"><span class='ocrx_word' id='word_1_146' title='bbox 326 3007 436 3053; x_wconf 82' lang='lat' dir='ltr'>serere</span> <span class='ocrx_word' id='word_1_147' title='bbox 457 2983 610 3050; x_wconf 92' lang='lat' dir='ltr'>animum</span> <span class='ocrx_word' id='word_1_148' title='bbox 632 2981 768 3050; x_wconf 86' lang='lat' dir='ltr'>induxi:</span> <span class='ocrx_word' id='word_1_149' title='bbox 791 2915 896 3078; x_wconf 65' lang='lat' dir='ltr'>itiilue</span> <span class='ocrx_word' id='word_1_150' title='bbox 918 3006 960 3050; x_wconf 85' lang='lat' dir='ltr'>ex</span> <span class='ocrx_word' id='word_1_151' title='bbox 983 2985 1111 3049; x_wconf 91' lang='lat' dir='ltr'>ratione</span> <span class='ocrx_word' id='word_1_152' title='bbox 1133 2983 1200 3051; x_wconf 87' lang='lat' dir='ltr'>Jcti</span> <span class='ocrx_word' id='word_1_153' title='bbox 1223 2981 1380 3073; x_wconf 88' lang='lat' dir='ltr'>Ulpiani,</span> <span class='ocrx_word' id='word_1_154' title='bbox 1403 2985 1441 3050; x_wconf 86' lang='lat' dir='ltr'>in</span> <span class='ocrx_word' id='word_1_155' title='bbox 1464 2983 1491 3050; x_wconf 85' lang='lat' dir='ltr'>l.</span> <span class='ocrx_word' id='word_1_156' title='bbox 1514 3009 1543 3051; x_wconf 92' lang='grc' dir='ltr'>ι.</span> <span class='ocrx_word' id='word_1_157' title='bbox 1556 2983 1605 3073; x_wconf 87' lang='lat' dir='ltr'>ff.</span> <span class='ocrx_word' id='word_1_158' title='bbox 1622 2981 1665 3050; x_wconf 87' lang='lat' dir='ltr'>de</span> <span class='ocrx_word' id='word_1_159' title='bbox 1689 2998 1832 3074; x_wconf 83' lang='lat' dir='ltr'>suspect.</span> <span class='ocrx_word' id='word_1_160' title='bbox 1855 2991 1919 3046; x_wconf 85' lang='lat' dir='ltr'>tet.</span> <span class='ocrx_word' id='word_1_161' title='bbox 1935 2977 2010 3046; x_wconf 88' lang='lat' dir='ltr'>Ubi</span> 
     </span>
     <span class='ocr_line' id='line_1_22' title="bbox 325 3070 2013 3166; baseline -0.004 -26"><span class='ocrx_word' id='word_1_162' title='bbox 325 3073 554 3142; x_wconf 81' lang='lat' dir='ltr'>tractationem</span> <span class='ocrx_word' id='word_1_163' title='bbox 579 3073 674 3140; x_wconf 86' lang='lat' dir='ltr'>illius</span> <span class='ocrx_word' id='word_1_164' title='bbox 696 3075 868 3158; x_wconf 88' lang='lat' dir='ltr'>materiae,</span> <span class='ocrx_word' id='word_1_165' title='bbox 892 3095 978 3166; x_wconf 89' lang='lat' dir='ltr'>quae</span> <span class='ocrx_word' id='word_1_166' title='bbox 1001 3073 1050 3140; x_wconf 81' lang='lat' dir='ltr'>fre</span> <span class='ocrx_word' id='word_1_167' title='bbox 1076 3096 1159 3142; x_wconf 89' lang='lat' dir='ltr'>nens</span> <span class='ocrx_word' id='word_1_168' title='bbox 1182 3085 1215 3141; x_wconf 88' lang='lat' dir='ltr'>et</span> <span class='ocrx_word' id='word_1_169' title='bbox 1246 3076 1489 3164; x_wconf 86' lang='lat' dir='ltr'>pernecessaria</span> <span class='ocrx_word' id='word_1_170' title='bbox 1520 3093 1585 3154; x_wconf 87' lang='lat' dir='ltr'>est,</span> <span class='ocrx_word' id='word_1_171' title='bbox 1608 3096 1679 3140; x_wconf 92' lang='lat' dir='ltr'>non</span> <span class='ocrx_word' id='word_1_172' title='bbox 1707 3086 1818 3140; x_wconf 89' lang='lat' dir='ltr'>autem</span> <span class='ocrx_word' id='word_1_173' title='bbox 1866 3070 2013 3136; x_wconf 88' lang='lat' dir='ltr'>uaestio-</span> 
     </span>
     <span class='ocr_line' id='line_1_23' title="bbox 324 3095 2010 3232; baseline -0.005 0"><span class='ocrx_word' id='word_1_174' title='bbox 324 3187 410 3232; x_wconf 91' lang='lat' dir='ltr'>num</span> <span class='ocrx_word' id='word_1_175' title='bbox 432 3164 607 3232; x_wconf 89' lang='lat' dir='ltr'>otiosarum</span> <span class='ocrx_word' id='word_1_176' title='bbox 631 3163 866 3232; x_wconf 84' lang='lat' dir='ltr'>discussionem</span> <span class='ocrx_word' id='word_1_177' title='bbox 897 3098 1111 3232; x_wconf 73' lang='lat' dir='ltr'>commendat</span> <span class='ocrx_word' id='word_1_178' title='bbox 1134 3164 1216 3232; x_wconf 85' lang='lat' dir='ltr'>Nam</span> <span class='ocrx_word' id='word_1_179' title='bbox 1239 3187 1315 3230; x_wconf 85' lang='lat' dir='ltr'>curn</span> <span class='ocrx_word' id='word_1_180' title='bbox 1343 3185 1457 3230; x_wconf 89' lang='lat' dir='ltr'>omnes</span> <span class='ocrx_word' id='word_1_181' title='bbox 1488 3165 1637 3232; x_wconf 86' lang='lat' dir='ltr'>homines</span> <span class='ocrx_word' id='word_1_182' title='bbox 1668 3164 1820 3230; x_wconf 83' lang='lat' dir='ltr'>maximis</span> <span class='ocrx_word' id='word_1_183' title='bbox 1841 3095 2010 3226; x_wconf 73' lang='lat' dir='ltr'>discrimi-</span> 
     </span>
     <span class='ocr_line' id='line_1_24' title="bbox 325 3249 2013 3345; baseline -0.004 -23"><span class='ocrx_word' id='word_1_184' title='bbox 325 3255 431 3322; x_wconf 87' lang='lat' dir='ltr'>nibus</span> <span class='ocrx_word' id='word_1_185' title='bbox 452 3254 520 3322; x_wconf 92' lang='lat' dir='ltr'>sint</span> <span class='ocrx_word' id='word_1_186' title='bbox 542 3253 696 3337; x_wconf 81' lang='lat' dir='ltr'>obnoxii,</span> <span class='ocrx_word' id='word_1_187' title='bbox 719 3267 753 3322; x_wconf 86' lang='lat' dir='ltr'>et</span> <span class='ocrx_word' id='word_1_188' title='bbox 776 3267 885 3324; x_wconf 87' lang='lat' dir='ltr'>tantas</span> <span class='ocrx_word' id='word_1_189' title='bbox 907 3253 1050 3322; x_wconf 86' lang='lat' dir='ltr'>sentiant</span> <span class='ocrx_word' id='word_1_190' title='bbox 1074 3255 1226 3323; x_wconf 81' lang='lat' dir='ltr'>fortunae</span> <span class='ocrx_word' id='word_1_191' title='bbox 1250 3254 1352 3338; x_wconf 87' lang='lat' dir='ltr'>vices,</span> <span class='ocrx_word' id='word_1_192' title='bbox 1367 3265 1405 3319; x_wconf 91' lang='lat' dir='ltr'>ut</span> <span class='ocrx_word' id='word_1_193' title='bbox 1421 3253 1518 3322; x_wconf 89' lang='lat' dir='ltr'>etiem</span> <span class='ocrx_word' id='word_1_194' title='bbox 1543 3253 1732 3345; x_wconf 82' lang='lat' dir='ltr'>saepissime</span> <span class='ocrx_word' id='word_1_195' title='bbox 1754 3266 1922 3345; x_wconf 79' lang='lat' dir='ltr'>magnates</span> <span class='ocrx_word' id='word_1_196' title='bbox 1943 3249 2013 3315; x_wconf 88' lang='lat' dir='ltr'>du·</span> 
     </span>
     <span class='ocr_line' id='line_1_25' title="bbox 328 3341 2012 3437; baseline -0.004 -24"><span class='ocrx_word' id='word_1_197' title='bbox 328 3369 406 3413; x_wconf 91' lang='lat' dir='ltr'>rum</span> <span class='ocrx_word' id='word_1_198' title='bbox 430 3345 635 3436; x_wconf 82' lang='lat' dir='ltr'>paupertatis</span> <span class='ocrx_word' id='word_1_199' title='bbox 659 3344 763 3412; x_wconf 90' lang='lat' dir='ltr'>telum</span> <span class='ocrx_word' id='word_1_200' title='bbox 787 3347 1018 3437; x_wconf 83' lang='lat' dir='ltr'>experiantur,</span> <span class='ocrx_word' id='word_1_201' title='bbox 1034 3347 1169 3413; x_wconf 89' lang='lat' dir='ltr'>nonnisi</span> <span class='ocrx_word' id='word_1_202' title='bbox 1195 3344 1231 3410; x_wconf 92' lang='lat' dir='ltr'>in</span> <span class='ocrx_word' id='word_1_203' title='bbox 1256 3367 1431 3412; x_wconf 81' lang='lat' dir='ltr'>vervecum</span> <span class='ocrx_word' id='word_1_204' title='bbox 1456 3345 1561 3436; x_wconf 87' lang='lat' dir='ltr'>patria</span> <span class='ocrx_word' id='word_1_205' title='bbox 1587 3355 1685 3410; x_wconf 89' lang='lat' dir='ltr'>uatus</span> <span class='ocrx_word' id='word_1_206' title='bbox 1707 3343 1893 3425; x_wconf 84' lang='lat' dir='ltr'>dubitabit,</span> <span class='ocrx_word' id='word_1_207' title='bbox 1917 3341 2012 3432; x_wconf 87' lang='lat' dir='ltr'>quod</span> 
     </span>
     <span class='ocr_line' id='line_1_26' title="bbox 325 3433 2012 3541; baseline -0.004 -39"><span class='ocrx_word' id='word_1_208' title='bbox 325 3436 459 3541; x_wconf 70' lang='lat' dir='ltr'>ubique</span> <span class='ocrx_word' id='word_1_209' title='bbox 482 3457 644 3527; x_wconf 78' lang='lat' dir='ltr'>pauperes</span> <span class='ocrx_word' id='word_1_210' title='bbox 666 3433 836 3528; x_wconf 83' lang='lat' dir='ltr'>litigantes</span> <span class='ocrx_word' id='word_1_211' title='bbox 851 3435 1088 3518; x_wconf 84' lang='lat' dir='ltr'>inveniantur,</span> <span class='ocrx_word' id='word_1_212' title='bbox 1111 3434 1324 3528; x_wconf 84' lang='lat' dir='ltr'>praeprimis,</span> <span class='ocrx_word' id='word_1_213' title='bbox 1346 3459 1423 3500; x_wconf 88' lang='lat' dir='ltr'>cum</span> <span class='ocrx_word' id='word_1_214' title='bbox 1439 3437 1515 3502; x_wconf 89' lang='lat' dir='ltr'>satis</span> <span class='ocrx_word' id='word_1_215' title='bbox 1530 3434 1737 3502; x_wconf 83' lang='lat' dir='ltr'>luculentum</span> <span class='ocrx_word' id='word_1_216' title='bbox 1761 3433 1893 3524; x_wconf 88' lang='lat' dir='ltr'>ubique</span> <span class='ocrx_word' id='word_1_217' title='bbox 1915 3433 2012 3497; x_wconf 85' lang='lat' dir='ltr'>testi-</span> 
     </span>
     <span class='ocr_line' id='line_1_27' title="bbox 327 3519 2012 3615; baseline -0.004 -21"><span class='ocrx_word' id='word_1_218' title='bbox 327 3547 478 3594; x_wconf 89' lang='lat' dir='ltr'>mantum</span> <span class='ocrx_word' id='word_1_219' title='bbox 501 3525 685 3592; x_wconf 82' lang='lat' dir='ltr'>exhibeant</span> <span class='ocrx_word' id='word_1_220' title='bbox 711 3548 825 3596; x_wconf 89' lang='lat' dir='ltr'>omues</span> <span class='ocrx_word' id='word_1_221' title='bbox 853 3527 987 3613; x_wconf 83' lang='lat' dir='ltr'>curiae,</span> <span class='ocrx_word' id='word_1_222' title='bbox 1010 3524 1116 3608; x_wconf 88' lang='lat' dir='ltr'>aulae,</span> <span class='ocrx_word' id='word_1_223' title='bbox 1147 3547 1311 3609; x_wconf 86' lang='lat' dir='ltr'>camerae,</span> <span class='ocrx_word' id='word_1_224' title='bbox 1379 3523 1561 3608; x_wconf 74' lang='lat' dir='ltr'>elementa,</span> <span class='ocrx_word' id='word_1_225' title='bbox 1585 3535 1691 3606; x_wconf 88' lang='lat' dir='ltr'>rotae,</span> <span class='ocrx_word' id='word_1_226' title='bbox 1715 3524 1895 3615; x_wconf 86' lang='lat' dir='ltr'>omniaque</span> <span class='ocrx_word' id='word_1_227' title='bbox 1918 3519 2012 3587; x_wconf 79' lang='lat' dir='ltr'>dica-</span> 
     </span>
     <span class='ocr_line' id='line_1_28' title="bbox 326 3547 2011 3709; baseline -0.004 -25"><span class='ocrx_word' id='word_1_228' title='bbox 326 3615 425 3684; x_wconf 84' lang='lat' dir='ltr'>steris</span> <span class='ocrx_word' id='word_1_229' title='bbox 455 3623 489 3680; x_wconf 92' lang='lat' dir='ltr'>et</span> <span class='ocrx_word' id='word_1_230' title='bbox 519 3613 642 3706; x_wconf 84' lang='lat' dir='ltr'>judicia</span> <span class='ocrx_word' id='word_1_231' title='bbox 675 3632 741 3682; x_wconf 92' lang='lat' dir='ltr'>tam</span> <span class='ocrx_word' id='word_1_232' title='bbox 773 3618 933 3684; x_wconf 86' lang='lat' dir='ltr'>inferiora</span> <span class='ocrx_word' id='word_1_233' title='bbox 962 3639 1066 3709; x_wconf 88' lang='lat' dir='ltr'>quam</span> <span class='ocrx_word' id='word_1_234' title='bbox 1097 3617 1281 3707; x_wconf 88' lang='lat' dir='ltr'>superiora.</span> <span class='ocrx_word' id='word_1_235' title='bbox 1314 3547 1502 3682; x_wconf 48' lang='lat' dir='ltr'>libitamen</span> <span class='ocrx_word' id='word_1_236' title='bbox 1534 3615 1772 3708; x_wconf 85' lang='lat' dir='ltr'>unusquisque</span> <span class='ocrx_word' id='word_1_237' title='bbox 1802 3611 2011 3706; x_wconf 86' lang='lat' dir='ltr'>paupertatis</span> 
     </span>
     <span class='ocr_line' id='line_1_29' title="bbox 326 3704 2012 3800; baseline -0.002 -28"><span class='ocrx_word' id='word_1_238' title='bbox 326 3713 517 3796; x_wconf 85' lang='lat' dir='ltr'>praetextu,</span> <span class='ocrx_word' id='word_1_239' title='bbox 540 3704 581 3771; x_wconf 87' lang='lat' dir='ltr'>ad</span> <span class='ocrx_word' id='word_1_240' title='bbox 605 3705 779 3799; x_wconf 78' lang='lat' dir='ltr'>privilegia</span> <span class='ocrx_word' id='word_1_241' title='bbox 804 3707 1009 3798; x_wconf 86' lang='lat' dir='ltr'>pauperibus</span> <span class='ocrx_word' id='word_1_242' title='bbox 1031 3706 1069 3773; x_wconf 93' lang='lat' dir='ltr'>in</span> <span class='ocrx_word' id='word_1_243' title='bbox 1103 3707 1228 3800; x_wconf 90' lang='lat' dir='ltr'>jndicio</span> <span class='ocrx_word' id='word_1_244' title='bbox 1258 3727 1429 3790; x_wconf 88' lang='lat' dir='ltr'>concessa,</span> <span class='ocrx_word' id='word_1_245' title='bbox 1451 3729 1497 3772; x_wconf 85' lang='lat' dir='ltr'>zu</span> <span class='ocrx_word' id='word_1_246' title='bbox 1526 3705 1605 3772; x_wconf 86' lang='lat' dir='ltr'>dem</span> <span class='ocrx_word' id='word_1_247' title='bbox 1631 3705 1907 3788; x_wconf 71' lang='lat' dir='ltr'>Armes-Recte,</span> <span class='ocrx_word' id='word_1_248' title='bbox 1930 3723 2012 3793; x_wconf 86' lang='lat' dir='ltr'>pno-</span> 
     </span>
     <span class='ocr_line' id='line_1_30' title="bbox 330 3793 2011 3889; baseline -0.004 -25"><span class='ocrx_word' id='word_1_249' title='bbox 330 3804 439 3882; x_wconf 64' lang='lat' dir='ltr'>roceta</span> <span class='ocrx_word' id='word_1_250' title='bbox 464 3807 633 3886; x_wconf 89' lang='lat' dir='ltr'>receptum</span> <span class='ocrx_word' id='word_1_251' title='bbox 658 3795 694 3862; x_wconf 91' lang='lat' dir='ltr'>in</span> <span class='ocrx_word' id='word_1_252' title='bbox 717 3796 852 3888; x_wconf 84' lang='lat' dir='ltr'>judiciis</span> <span class='ocrx_word' id='word_1_253' title='bbox 875 3798 1080 3888; x_wconf 87' lang='lat' dir='ltr'>paupertatis</span> <span class='ocrx_word' id='word_1_254' title='bbox 1103 3801 1330 3889; x_wconf 87' lang='lat' dir='ltr'>juramentum</span> <span class='ocrx_word' id='word_1_255' title='bbox 1353 3809 1418 3879; x_wconf 86' lang='lat' dir='ltr'>est,</span> <span class='ocrx_word' id='word_1_256' title='bbox 1440 3819 1510 3888; x_wconf 87' lang='lat' dir='ltr'>quo</span> <span class='ocrx_word' id='word_1_257' title='bbox 1532 3795 1728 3888; x_wconf 87' lang='lat' dir='ltr'>patrimonii</span> <span class='ocrx_word' id='word_1_258' title='bbox 1751 3813 1869 3863; x_wconf 86' lang='lat' dir='ltr'>secreta</span> <span class='ocrx_word' id='word_1_259' title='bbox 1894 3793 2011 3884; x_wconf 80' lang='lat' dir='ltr'>explo-</span> 
     </span>
     <span class='ocr_line' id='line_1_31' title="bbox 327 3883 2010 3980; baseline -0.002 -27"><span class='ocrx_word' id='word_1_260' title='bbox 327 3897 465 3971; x_wconf 88' lang='lat' dir='ltr'>rantur,</span> <span class='ocrx_word' id='word_1_261' title='bbox 488 3896 521 3951; x_wconf 88' lang='lat' dir='ltr'>et</span> <span class='ocrx_word' id='word_1_262' title='bbox 544 3907 587 3950; x_wconf 93' lang='lat' dir='ltr'>an</span> <span class='ocrx_word' id='word_1_263' title='bbox 610 3883 732 3977; x_wconf 82' lang='lat' dir='ltr'>dignus</span> <span class='ocrx_word' id='word_1_264' title='bbox 752 3889 898 3980; x_wconf 90' lang='lat' dir='ltr'>quisque</span> <span class='ocrx_word' id='word_1_265' title='bbox 922 3911 1107 3980; x_wconf 90' lang='lat' dir='ltr'>pauperum</span> <span class='ocrx_word' id='word_1_266' title='bbox 1133 3893 1205 3978; x_wconf 86' lang='lat' dir='ltr'>jure</span> <span class='ocrx_word' id='word_1_267' title='bbox 1228 3887 1286 3972; x_wconf 88' lang='lat' dir='ltr'>sit,</span> <span class='ocrx_word' id='word_1_268' title='bbox 1303 3883 1489 3976; x_wconf 83' lang='lat' dir='ltr'>indagatur.</span> <span class='ocrx_word' id='word_1_269' title='bbox 1516 3887 1571 3954; x_wconf 91' lang='lat' dir='ltr'>De</span> <span class='ocrx_word' id='word_1_270' title='bbox 1592 3909 1665 3979; x_wconf 88' lang='lat' dir='ltr'>qua</span> <span class='ocrx_word' id='word_1_271' title='bbox 1683 3889 1826 3954; x_wconf 89' lang='lat' dir='ltr'>materia.</span> <span class='ocrx_word' id='word_1_272' title='bbox 1844 3884 2010 3976; x_wconf 85' lang='lat' dir='ltr'>praesenti</span> 
     </span>
     <span class='ocr_line' id='line_1_32' title="bbox 328 3973 2011 4068; baseline -0.001 -27"><span class='ocrx_word' id='word_1_273' title='bbox 328 3974 554 4065; x_wconf 84' lang='lat' dir='ltr'>disputatione</span> <span class='ocrx_word' id='word_1_274' title='bbox 576 3985 724 4058; x_wconf 83' lang='lat' dir='ltr'>acturus,</span> <span class='ocrx_word' id='word_1_275' title='bbox 749 3977 808 4045; x_wconf 85' lang='lat' dir='ltr'>sed</span> <span class='ocrx_word' id='word_1_276' title='bbox 831 3981 978 4046; x_wconf 85' lang='lat' dir='ltr'>breviter</span> <span class='ocrx_word' id='word_1_277' title='bbox 1002 3991 1150 4060; x_wconf 87' lang='lat' dir='ltr'>tantum,</span> <span class='ocrx_word' id='word_1_278' title='bbox 1166 3990 1199 4044; x_wconf 88' lang='lat' dir='ltr'>et</span> <span class='ocrx_word' id='word_1_279' title='bbox 1222 3987 1390 4068; x_wconf 88' lang='lat' dir='ltr'>quantum</span> <span class='ocrx_word' id='word_1_280' title='bbox 1413 3975 1561 4062; x_wconf 83' lang='lat' dir='ltr'>licuerit,</span> <span class='ocrx_word' id='word_1_281' title='bbox 1579 3979 1756 4058; x_wconf 74' lang='lat' dir='ltr'>coticise‚a</span> <span class='ocrx_word' id='word_1_282' title='bbox 1781 3994 1830 4058; x_wconf 84' lang='lat' dir='ltr'>te,</span> <span class='ocrx_word' id='word_1_283' title='bbox 1846 3973 2011 4042; x_wconf 88' lang='lat' dir='ltr'>benevole</span> 
     </span>
     <span class='ocr_line' id='line_1_33' title="bbox 329 4065 2009 4223; baseline -0.002 -91"><span class='ocrx_word' id='word_1_284' title='bbox 329 4065 449 4152; x_wconf 85' lang='lat' dir='ltr'>lector,</span> <span class='ocrx_word' id='word_1_285' title='bbox 472 4065 606 4142; x_wconf 82' lang='lat' dir='ltr'>reniam</span> <span class='ocrx_word' id='word_1_286' title='bbox 629 4067 788 4157; x_wconf 89' lang='lat' dir='ltr'>imploro,</span> <span class='ocrx_word' id='word_1_287' title='bbox 812 4071 840 4136; x_wconf 91' lang='lat' dir='ltr'>si</span> <span class='ocrx_word' id='word_1_288' title='bbox 865 4091 932 4134; x_wconf 91' lang='lat' dir='ltr'>non</span> <span class='ocrx_word' id='word_1_289' title='bbox 956 4067 1089 4159; x_wconf 86' lang='lat' dir='ltr'>ubique</span> <span class='ocrx_word' id='word_1_290' title='bbox 1113 4085 1188 4134; x_wconf 90' lang='lat' dir='ltr'>voto</span> <span class='ocrx_word' id='word_1_291' title='bbox 1213 4086 1275 4133; x_wconf 89' lang='lat' dir='ltr'>tuo</span> <span class='ocrx_word' id='word_1_292' title='bbox 1294 4092 1331 4133; x_wconf 92' lang='lat' dir='ltr'>ac</span> <span class='ocrx_word' id='word_1_293' title='bbox 1360 4065 1528 4135; x_wconf 88' lang='lat' dir='ltr'>desiderio</span> <span class='ocrx_word' id='word_1_294' title='bbox 1558 4066 1800 4223; x_wconf 74' lang='lat' dir='ltr'>responderim.</span> <span class='ocrx_word' id='word_1_295' title='bbox 1824 4065 1890 4134; x_wconf 81' lang='lat' dir='ltr'>Nec</span> <span class='ocrx_word' id='word_1_296' title='bbox 1914 4065 2009 4132; x_wconf 89' lang='lat' dir='ltr'>enim</span> 
     </span>
    </p>
   </div>
   <div class='ocr_carea' id='block_1_11' title="bbox 208 4153 2008 4252">
    <p class='ocr_par' dir='ltr' id='par_1_11' title="bbox 208 4153 2008 4252">
     <span class='ocr_line' id='line_1_34' title="bbox 208 4153 2008 4252; baseline -0.002 -29"><span class='ocrx_word' id='word_1_297' title='bbox 208 4215 214 4232; x_wconf 90' lang='grc'><em>,</em></span> <span class='ocrx_word' id='word_1_298' title='bbox 327 4155 485 4247; x_wconf 86' lang='lat' dir='ltr'>temporis</span> <span class='ocrx_word' id='word_1_299' title='bbox 509 4154 650 4246; x_wconf 90' lang='lat' dir='ltr'>penuria</span> <span class='ocrx_word' id='word_1_300' title='bbox 673 4160 839 4246; x_wconf 87' lang='lat' dir='ltr'>permisit,</span> <span class='ocrx_word' id='word_1_301' title='bbox 862 4159 951 4252; x_wconf 83' lang='lat' dir='ltr'>larga</span> <span class='ocrx_word' id='word_1_302' title='bbox 976 4183 1077 4225; x_wconf 87' lang='lat' dir='ltr'>matttt</span> <span class='ocrx_word' id='word_1_303' title='bbox 1100 4159 1185 4226; x_wconf 91' lang='lat' dir='ltr'>hanc</span> <span class='ocrx_word' id='word_1_304' title='bbox 1207 4171 1345 4225; x_wconf 85' lang='lat' dir='ltr'>tractare</span> <span class='ocrx_word' id='word_1_305' title='bbox 1368 4160 1606 4241; x_wconf 86' lang='lat' dir='ltr'>materiam,se</span> <span class='ocrx_word' id='word_1_306' title='bbox 1653 4157 1896 4250; x_wconf 87' lang='lat' dir='ltr'>properandum</span> <span class='ocrx_word' id='word_1_307' title='bbox 1922 4153 2008 4222; x_wconf 84' lang='lat' dir='ltr'>milti</span> 
     </span>
    </p>
   </div>
   <div class='ocr_carea' id='block_1_12' title="bbox 327 4243 2012 4974">
    <p class='ocr_par' dir='ltr' id='par_1_12' title="bbox 327 4243 2012 4974">
     <span class='ocr_line' id='line_1_35' title="bbox 327 4243 2006 4342; baseline -0.001 -30"><span class='ocrx_word' id='word_1_308' title='bbox 327 4245 372 4316; x_wconf 90' lang='lat' dir='ltr'>ob</span> <span class='ocrx_word' id='word_1_309' title='bbox 393 4243 623 4338; x_wconf 86' lang='lat' dir='ltr'>occupationes</span> <span class='ocrx_word' id='word_1_310' title='bbox 652 4247 731 4314; x_wconf 87' lang='lat' dir='ltr'>alias</span> <span class='ocrx_word' id='word_1_311' title='bbox 754 4247 836 4338; x_wconf 77' lang='lat' dir='ltr'>suit3</span> <span class='ocrx_word' id='word_1_312' title='bbox 859 4266 1065 4341; x_wconf 84' lang='lat' dir='ltr'>quapropter</span> <span class='ocrx_word' id='word_1_313' title='bbox 1092 4249 1267 4342; x_wconf 80' lang='lat' dir='ltr'>cogitabis,</span> <span class='ocrx_word' id='word_1_314' title='bbox 1291 4248 1328 4314; x_wconf 91' lang='lat' dir='ltr'>b.</span> <span class='ocrx_word' id='word_1_315' title='bbox 1353 4246 1379 4314; x_wconf 82' lang='lat' dir='ltr'>l.</span> <span class='ocrx_word' id='word_1_316' title='bbox 1410 4247 1447 4314; x_wconf 89' lang='lat' dir='ltr'>in</span> <span class='ocrx_word' id='word_1_317' title='bbox 1477 4247 1609 4341; x_wconf 84' lang='lat' dir='ltr'>magnis</span> <span class='ocrx_word' id='word_1_318' title='bbox 1639 4248 1781 4314; x_wconf 87' lang='lat' dir='ltr'>voluisse</span> <span class='ocrx_word' id='word_1_319' title='bbox 1813 4268 1881 4313; x_wconf 93' lang='lat' dir='ltr'>non</span> <span class='ocrx_word' id='word_1_320' title='bbox 1912 4247 2006 4312; x_wconf 88' lang='lat' dir='ltr'>omni</span> 
     </span>
     <span class='ocr_line' id='line_1_36' title="bbox 328 4333 2010 4429; baseline -0.001 -28"><span class='ocrx_word' id='word_1_321' title='bbox 328 4333 420 4404; x_wconf 89' lang='lat' dir='ltr'>laudi</span> <span class='ocrx_word' id='word_1_322' title='bbox 442 4359 564 4412; x_wconf 82' lang='lat' dir='ltr'>carere.</span> <span class='ocrx_word' id='word_1_323' title='bbox 580 4335 749 4427; x_wconf 88' lang='lat' dir='ltr'>Quoniam</span> <span class='ocrx_word' id='word_1_324' title='bbox 773 4364 851 4409; x_wconf 91' lang='lat' dir='ltr'>vero</span> <span class='ocrx_word' id='word_1_325' title='bbox 872 4341 1030 4408; x_wconf 88' lang='lat' dir='ltr'>universa</span> <span class='ocrx_word' id='word_1_326' title='bbox 1053 4355 1125 4409; x_wconf 88' lang='lat' dir='ltr'>tum</span> <span class='ocrx_word' id='word_1_327' title='bbox 1148 4337 1282 4406; x_wconf 88' lang='lat' dir='ltr'>demum</span> <span class='ocrx_word' id='word_1_328' title='bbox 1306 4337 1392 4404; x_wconf 89' lang='lat' dir='ltr'>bene</span> <span class='ocrx_word' id='word_1_329' title='bbox 1414 4351 1448 4404; x_wconf 89' lang='lat' dir='ltr'>et</span> <span class='ocrx_word' id='word_1_330' title='bbox 1470 4351 1693 4429; x_wconf 83' lang='lat' dir='ltr'>competenter</span> <span class='ocrx_word' id='word_1_331' title='bbox 1715 4349 1896 4429; x_wconf 82' lang='lat' dir='ltr'>geruntur,</span> <span class='ocrx_word' id='word_1_332' title='bbox 1912 4337 1940 4402; x_wconf 88' lang='lat' dir='ltr'>si</span> <span class='ocrx_word' id='word_1_333' title='bbox 1957 4336 2010 4402; x_wconf 88' lang='lat' dir='ltr'>rei</span> 
     </span>
     <span class='ocr_line' id='line_1_37' title="bbox 329 4425 2010 4520; baseline -0.001 -28"><span class='ocrx_word' id='word_1_334' title='bbox 329 4425 533 4518; x_wconf 90' lang='lat' dir='ltr'>principium</span> <span class='ocrx_word' id='word_1_335' title='bbox 557 4426 615 4494; x_wconf 87' lang='lat' dir='ltr'>fiat</span> <span class='ocrx_word' id='word_1_336' title='bbox 635 4426 753 4496; x_wconf 90' lang='lat' dir='ltr'>decens</span> <span class='ocrx_word' id='word_1_337' title='bbox 776 4442 810 4496; x_wconf 91' lang='lat' dir='ltr'>et</span> <span class='ocrx_word' id='word_1_338' title='bbox 830 4428 973 4498; x_wconf 88' lang='lat' dir='ltr'>amabile</span> <span class='ocrx_word' id='word_1_339' title='bbox 995 4430 1086 4512; x_wconf 87' lang='lat' dir='ltr'>Deo,</span> <span class='ocrx_word' id='word_1_340' title='bbox 1108 4454 1182 4496; x_wconf 84' lang='lat' dir='ltr'>nov.</span> <span class='ocrx_word' id='word_1_341' title='bbox 1207 4429 1241 4494; x_wconf 81' lang='lat' dir='ltr'>o.</span> <span class='ocrx_word' id='word_1_342' title='bbox 1257 4431 1295 4496; x_wconf 89' lang='lat' dir='ltr'>t&#39;n</span> <span class='ocrx_word' id='word_1_343' title='bbox 1313 4430 1424 4520; x_wconf 73' lang='lat' dir='ltr'>praef.</span> <span class='ocrx_word' id='word_1_344' title='bbox 1440 4429 1564 4496; x_wconf 87' lang='lat' dir='ltr'>Idcirco</span> <span class='ocrx_word' id='word_1_345' title='bbox 1587 4431 1706 4496; x_wconf 89' lang='lat' dir='ltr'>merito</span> <span class='ocrx_word' id='word_1_346' title='bbox 1728 4427 1880 4494; x_wconf 90' lang='lat' dir='ltr'>animum</span> <span class='ocrx_word' id='word_1_347' title='bbox 1897 4447 2010 4494; x_wconf 81' lang='lat' dir='ltr'>meunt</span> 
     </span>
     <span class='ocr_line' id='line_1_38' title="bbox 329 4513 2012 4612; baseline 0 -30"><span class='ocrx_word' id='word_1_348' title='bbox 329 4513 372 4582; x_wconf 86' lang='lat' dir='ltr'>ad</span> <span class='ocrx_word' id='word_1_349' title='bbox 395 4517 459 4584; x_wconf 92' lang='lat' dir='ltr'>Dei</span> <span class='ocrx_word' id='word_1_350' title='bbox 482 4516 720 4608; x_wconf 91' lang='lat' dir='ltr'>omnipotentis</span> <span class='ocrx_word' id='word_1_351' title='bbox 745 4520 837 4612; x_wconf 82' lang='lat' dir='ltr'>erigo</span> <span class='ocrx_word' id='word_1_352' title='bbox 858 4521 1083 4612; x_wconf 81' lang='lat' dir='ltr'>adjutorium,</span> <span class='ocrx_word' id='word_1_353' title='bbox 1106 4521 1130 4588; x_wconf 83' lang='lat' dir='ltr'>l.</span> <span class='ocrx_word' id='word_1_354' title='bbox 1158 4544 1186 4585; x_wconf 85' lang='lat' dir='ltr'>a.</span> <span class='ocrx_word' id='word_1_355' title='bbox 1209 4519 1241 4608; x_wconf 61' lang='grc' dir='ltr'>ἃ.</span> <span class='ocrx_word' id='word_1_356' title='bbox 1270 4521 1386 4586; x_wconf 85' lang='lat' dir='ltr'>omnia</span> <span class='ocrx_word' id='word_1_357' title='bbox 1409 4523 1528 4610; x_wconf 78' lang='lat' dir='ltr'>igitur.</span> <span class='ocrx_word' id='word_1_358' title='bbox 1552 4541 1583 4586; x_wconf 86' lang='lat' dir='ltr'>c.</span> <span class='ocrx_word' id='word_1_359' title='bbox 1608 4519 1651 4586; x_wconf 88' lang='lat' dir='ltr'>de</span> <span class='ocrx_word' id='word_1_360' title='bbox 1672 4541 1703 4586; x_wconf 75' lang='lat' dir='ltr'>a.</span> <span class='ocrx_word' id='word_1_361' title='bbox 1728 4521 1754 4584; x_wconf 78' lang='grc' dir='ltr'>ι’.</span> <span class='ocrx_word' id='word_1_362' title='bbox 1778 4542 1810 4584; x_wconf 88' lang='lat' dir='ltr'>e.</span> <span class='ocrx_word' id='word_1_363' title='bbox 1835 4514 2012 4582; x_wconf 87' lang='lat' dir='ltr'>eumdem·</span> 
     </span>
     <span class='ocr_line' id='line_1_39' title="bbox 329 4605 2010 4702; baseline -0.001 -29"><span class='ocrx_word' id='word_1_364' title='bbox 329 4629 398 4697; x_wconf 86' lang='lat' dir='ltr'>que</span> <span class='ocrx_word' id='word_1_365' title='bbox 419 4620 535 4699; x_wconf 83' lang='lat' dir='ltr'>utpote</span> <span class='ocrx_word' id='word_1_366' title='bbox 556 4609 618 4702; x_wconf 83' lang='lat' dir='ltr'>qui</span> <span class='ocrx_word' id='word_1_367' title='bbox 641 4631 691 4676; x_wconf 88' lang='lat' dir='ltr'>res</span> <span class='ocrx_word' id='word_1_368' title='bbox 713 4609 856 4700; x_wconf 81' lang='lat' dir='ltr'>penitus.</span> <span class='ocrx_word' id='word_1_369' title='bbox 869 4611 1058 4702; x_wconf 87' lang='lat' dir='ltr'>desperatas</span> <span class='ocrx_word' id='word_1_370' title='bbox 1078 4612 1201 4678; x_wconf 89' lang='lat' dir='ltr'>donare</span> <span class='ocrx_word' id='word_1_371' title='bbox 1216 4622 1249 4676; x_wconf 88' lang='lat' dir='ltr'>et</span> <span class='ocrx_word' id='word_1_372' title='bbox 1264 4631 1503 4677; x_wconf 86' lang='lat' dir='ltr'>consummare·</span> <span class='ocrx_word' id='word_1_373' title='bbox 1517 4610 1744 4677; x_wconf 87' lang='lat' dir='ltr'>virtutissuae</span> <span class='ocrx_word' id='word_1_374' title='bbox 1759 4605 2010 4699; x_wconf 82' lang='lat' dir='ltr'>magnitudine,</span> 
     </span>
     <span class='ocr_line' id='line_1_40' title="bbox 331 4696 2010 4808; baseline -0.001 -45"><span class='ocrx_word' id='word_1_375' title='bbox 331 4707 460 4788; x_wconf 81' lang='lat' dir='ltr'>potest,</span> <span class='ocrx_word' id='word_1_376' title='bbox 484 4696 508 4764; x_wconf 85' lang='lat' dir='ltr'>l.</span> <span class='ocrx_word' id='word_1_377' title='bbox 538 4725 565 4764; x_wconf 87' lang='lat' dir='ltr'>r.</span> <span class='ocrx_word' id='word_1_378' title='bbox 588 4699 620 4787; x_wconf 63' lang='grc' dir='ltr'>Ξ.</span> <span class='ocrx_word' id='word_1_379' title='bbox 647 4723 679 4765; x_wconf 84' lang='lat' dir='ltr'>a.</span> <span class='ocrx_word' id='word_1_380' title='bbox 705 4724 736 4768; x_wconf 86' lang='lat' dir='ltr'>a.</span> <span class='ocrx_word' id='word_1_381' title='bbox 753 4697 798 4766; x_wconf 82' lang='lat' dir='ltr'>de</span> <span class='ocrx_word' id='word_1_382' title='bbox 823 4729 856 4769; x_wconf 83' lang='lat' dir='ltr'>v.</span> <span class='ocrx_word' id='word_1_383' title='bbox 864 4727 897 4792; x_wconf 86' lang='lat' dir='ltr'><strong><em>J</em></strong></span> <span class='ocrx_word' id='word_1_384' title='bbox 914 4725 944 4768; x_wconf 87' lang='lat' dir='ltr'>e.</span> <span class='ocrx_word' id='word_1_385' title='bbox 969 4701 1110 4808; x_wconf 85' lang='lat' dir='ltr'>supplex</span> <span class='ocrx_word' id='word_1_386' title='bbox 1134 4701 1270 4783; x_wconf 86' lang='lat' dir='ltr'>invoco,</span> <span class='ocrx_word' id='word_1_387' title='bbox 1288 4714 1326 4765; x_wconf 89' lang='lat' dir='ltr'>ut</span> <span class='ocrx_word' id='word_1_388' title='bbox 1349 4699 1568 4766; x_wconf 82' lang='lat' dir='ltr'>fluctuantem</span> <span class='ocrx_word' id='word_1_389' title='bbox 1590 4698 1750 4791; x_wconf 86' lang='lat' dir='ltr'>propositi</span> <span class='ocrx_word' id='word_1_390' title='bbox 1776 4699 1840 4764; x_wconf 90' lang='lat' dir='ltr'>mei</span> <span class='ocrx_word' id='word_1_391' title='bbox 1856 4697 2010 4790; x_wconf 79' lang='lat' dir='ltr'>cymbam</span> 
     </span>
     <span class='ocr_line' id='line_1_41' title="bbox 331 4785 2012 4882; baseline -0.003 -27"><span class='ocrx_word' id='word_1_392' title='bbox 331 4789 564 4878; x_wconf 81' lang='lat' dir='ltr'>gratiosissima</span> <span class='ocrx_word' id='word_1_393' title='bbox 599 4789 747 4881; x_wconf 87' lang='lat' dir='ltr'>Spiritus</span> <span class='ocrx_word' id='word_1_394' title='bbox 779 4792 832 4859; x_wconf 88' lang='lat' dir='ltr'>tui</span> <span class='ocrx_word' id='word_1_395' title='bbox 863 4815 943 4859; x_wconf 86' lang='lat' dir='ltr'>aura</span> <span class='ocrx_word' id='word_1_396' title='bbox 975 4791 1040 4860; x_wconf 89' lang='lat' dir='ltr'>dirt</span> <span class='ocrx_word' id='word_1_397' title='bbox 1065 4812 1145 4879; x_wconf 87' lang='lat' dir='ltr'>ere,</span> <span class='ocrx_word' id='word_1_398' title='bbox 1176 4791 1397 4882; x_wconf 88' lang='lat' dir='ltr'>eamdemque</span> <span class='ocrx_word' id='word_1_399' title='bbox 1428 4788 1469 4857; x_wconf 88' lang='lat' dir='ltr'>ad</span> <span class='ocrx_word' id='word_1_400' title='bbox 1500 4801 1689 4880; x_wconf 78' lang='lat' dir='ltr'>exoptatum</span> <span class='ocrx_word' id='word_1_401' title='bbox 1721 4798 1853 4879; x_wconf 86' lang='lat' dir='ltr'>portum</span> <span class='ocrx_word' id='word_1_402' title='bbox 1886 4785 2012 4879; x_wconf 83' lang='lat' dir='ltr'>perdu-</span> 
     </span>
     <span class='ocr_line' id='line_1_42' title="bbox 331 4877 2009 4974; baseline 0.001 -30"><span class='ocrx_word' id='word_1_403' title='bbox 331 4898 406 4944; x_wconf 83' lang='lat' dir='ltr'>cere</span> <span class='ocrx_word' id='word_1_404' title='bbox 436 4877 518 4948; x_wconf 89' lang='lat' dir='ltr'>velit</span> <span class='ocrx_word' id='word_1_405' title='bbox 550 4877 803 4973; x_wconf 84' lang='lat' dir='ltr'>benignissime.</span> <span class='ocrx_word' id='word_1_406' title='bbox 834 4881 888 4950; x_wconf 90' lang='lat' dir='ltr'>Sit</span> <span class='ocrx_word' id='word_1_407' title='bbox 921 4905 997 4974; x_wconf 82' lang='lat' dir='ltr'>ergo</span> <span class='ocrx_word' id='word_1_408' title='bbox 1063 4906 1122 4951; x_wconf 86' lang='lat' dir='ltr'>eus</span> <span class='ocrx_word' id='word_1_409' title='bbox 1152 4878 1374 4974; x_wconf 84' lang='lat' dir='ltr'>principium,</span> <span class='ocrx_word' id='word_1_410' title='bbox 1399 4878 1546 4948; x_wconf 87' lang='lat' dir='ltr'>medinm</span> <span class='ocrx_word' id='word_1_411' title='bbox 1581 4897 1683 4972; x_wconf 85' lang='lat' dir='ltr'>atque</span> <span class='ocrx_word' id='word_1_412' title='bbox 1714 4879 1892 4965; x_wconf 87' lang='lat' dir='ltr'>terminus,</span> <span class='ocrx_word' id='word_1_413' title='bbox 1925 4901 2009 4947; x_wconf 73' lang='lat' dir='ltr'>nov.</span> 
     </span>
    </p>
   </div>
   <div class='ocr_carea' id='block_1_13' title="bbox 339 4989 484 5061">
    <p class='ocr_par' dir='ltr' id='par_1_13' title="bbox 339 4989 484 5061">
     <span class='ocr_line' id='line_1_43' title="bbox 339 4989 484 5061; baseline 0.014 -27"><span class='ocrx_word' id='word_1_414' title='bbox 339 4989 411 5060; x_wconf 76' lang='lat' dir='ltr'>top.</span> <span class='ocrx_word' id='word_1_415' title='bbox 423 4991 484 5061; x_wconf 85' lang='lat' dir='ltr'>pr.</span> 
     </span>
    </p>
   </div>
   <div class='ocr_carea' id='block_1_14' title="bbox 0 0 2213 6276">
    <p class='ocr_par' dir='ltr' id='par_1_14' title="bbox 0 0 2213 6276">
     <span class='ocr_line' id='line_1_44' title="bbox 0 0 2213 6276; baseline 0 0"><span class='ocrx_word' id='word_1_416' title='bbox 0 0 2213 6276; x_wconf 95' lang='lat' dir='ltr'> </span> 
     </span>
    </p>
   </div>
  </div>
 </body>
</html>
