4442 6308
395 237 446 300 ns
954 239 1143 295 DtsPUTt't.
1160 241 1208 295 ιιι.
1225 243 1344 302 canus
1361 248 1410 302 tv.
1907 255 1959 324 tet

328 334 401 388 euius
420 350 482 387 essu
500 327 659 402 regulariter
678 329 871 386 successionem
884 332 1017 406 principis
1029 333 1061 386 ad
1074 352 1151 405 prae·
1198 339 1276 390 verb.
1290 351 1315 391 et
1328 341 1452 395 domino
1470 339 1640 412 reseraverit.
1657 343 1740 400 Modo
1757 354 1845 402 'lm
1863 365 1915 404 M
1934 351 2028 408 lm·

328 419 473 472 ‚taionem
498 413 563 469 iacti
587 415 763 470 antecessoris
788 417 967 472 constrictum
990 419 1083 474 volunt
1106 417 1150 472 dd.
1199 422 1300 492 pestire
1318 425 1429 478 domino
1447 427 1500 494 jam
1520 429 1549 479 iu
1569 427 1692 498 periculo
1711 430 1857 484 constituto
1873 433 1939 489 lasec
1953 437 2024 492 relu-

328 501 476 570 natnking.
495 501 528 556 de
545 517 600 570 reg.
618 516 672 555 sec.
690 509 717 554 et
733 503 798 556 eccl.
817 502 862 554 lib.
885 511 908 556 ι.
924 504 1000 556 cluss.
1021 515 1046 556 t.
1063 522 1088 558 e.
1109 519 1150 558 to.
1202 506 1266 559 tatio
1284 505 1352 560 iacta
1369 506 1465 576 inerit,
1480 512 1527 565 dn.
1541 513 1651 565 l’raeses
1665 513 1883 589 mmjsead.
1897 537 1922 572 e.
1940 531 1983 572 tt.
1995 543 2022 594 q.

331 584 402 638 Md,
423 584 470 638 dn,
486 583 585 638 Tabur.
609 595 687 638 emet.
705 585 739 638 de
756 585 839 655 odlr'g.
862 605 1007 642 suceessor.
1024 591 1055 640 t'n
1072 585 1150 659 qffie.
1202 599 1243 642 ¹2.
1260 591 1297 644 ita
1317 609 1420 662 quoque
1438 595 1501 648 huic
1518 596 1631 649 vassallo
1648 608 1708 668 post
1727 599 1894 670 impetratam
1909 605 2021 672 gratiam

326 669 374 722 „d
392 669 473 724 etiam
491 667 597 737 siquis
615 669 677 720 sine
697 669 773 722 titulo
793 669 987 736 haereditario,
1007 670 1151 726 electionis
1199 671 1249 724 ltoc
1264 693 1320 728 non
1338 676 1524 746 denegandum
1546 679 1663 736 videtur.
1688 682 1811 737 Putarem
1832 694 1941 753 tamen,
1958 709 2017 744 cum
2059 692 2090 733 ²¹

326 757 388 822 jure
405 754 439 805 ad
458 752 651 806 successionem
669 753 814 824 perveniat.
831 755 912 808 Unde
929 755 1093 825 simpliciter
1109 774 1151 809 as-
1198 757 1365 830 delinquenti
1382 763 1497 816 vassallo
1515 780 1569 816 non
1587 765 1849 836 aequeismtlms
1869 788 1948 841 qum
1969 774 2022 840 illle

324 839 456 900 serimus,
467 837 581 908 gratiam
598 837 633 889 ab
650 835 929 892 autecessoreiactaau
948 839 1030 892 etiarn
1049 855 1151 893 stoces-
1196 843 1244 912 qni
1257 846 1402 914 juramenti
1416 843 1555 900 lidelitatis
1566 848 1692 902 lasetenm
1705 869 1759 904 non
1773 856 1918 908 immemor
1930 855 2020 924 inerit,

326 940 417 978 „fem
436 924 465 974 i„
483 921 615 990 dignitate
633 937 681 991 per
696 920 854 974 electionem
873 933 1014 992 surrogato
1022 924 1148 994 obligare,
1198 946 1252 981 non
1271 947 1333 981 mna
1352 940 1410 1002 post
1427 933 1540 1001 gratiam
1558 933 1726 1006 impetratam
1742 937 1965 1007 ipsi·iacttltstem
1979 963 2020 998 re·

329 1024 364 1060 ne
381 1006 470 1078 possit
488 1021 546 1056 um
565 1020 619 1056 nou
636 1015 786 1072 emergente
798 1021 864 1056 nova
877 1021 953 1057 causa
965 1022 1099 1066 reuocaret
1110 1017 1148 1059 te·
1196 1011 1301 1068 letandi
1319 1015 1514 1070 concedentium
1534 1035 1609 1082 esse,
1627 1037 1661 1072 ne
1678 1021 1780 1090 alioqui
1795 1022 2022 1084 lud'rlsrioltabest

322 1103 402 1146 netur
418 1090 492 1143 enim
511 1088 559 1140 itte
574 1087 687 1142 omnino
705 1099 775 1141 stare
786 1085 866 1140 -iaeto
883 1091 1077 1156 antecessoris,
1092 1092 1148 1145 lio·
1184 1095 1334 1151 'dominum
1354 1099 1549 1154 remittentem.
1570 1101 1605 1154 Et
1624 1121 1688 1157 sane
1706 1104 1728 1158 si
1751 1106 1779 1157 in
1793 1108 1947 1162 continenti
1958 1111 2021 1184 ipsi

324 1175 409 1229 emila
422 1193 448 1226 c.
464 1186 505 1228 ιιι.
517 1175 605 1228 conel-
625 1184 668 1227 tt.
681 1192 709 1226 rr.
723 1184 766 1225 ιι.
784 1189 818 1224 sc
837 1173 906 1243 qnod
919 1186 1065 1228 antecessor
1080 1187 1146 1226 tam·
1195 1179 1323 1235 refutatio
1340 1180 1409 1235 iuret
1428 1186 1574 1253 permissa,
1593 1187 1674 1255 plane
1687 1187 1836 1254 irustrsues
1856 1192 1923 1248 ieret
1938 1213 2018 1264 quae·

321 1278 401 1330 qm,
420 1259 571 1331 princeps,
595 1273 647 1310 nec
666 1258 723 1324 lege
745 1255 853 1324 aliqua,
872 1273 921 1308 nec
940 1258 1025 1310 salute
1042 1257 1144 1328 publiea
1196 1263 1267 1326 stio,
1282 1282 1318 1316 an
1337 1265 1391 1336 ipsi
1409 1267 1495 1320 invito
1519 1270 1625 1338 culpam
1647 1274 1787 1327 remittere
1819 1279 1915 1346 possit.
1936 1279 2021 1337 Portu
2057 1289 2088 1329 ²²

323 1343 490 1412 ηῐηςιῃιο,
508 1341 596 1394 iacere
614 1350 727 1410 poterat.
745 1339 801 1392 lice
819 1339 951 1406 interest,
971 1351 1061 1395 utrum
1080 1343 1145 1394 lsaec
1193 1347 1367 1416 restringitur
1387 1351 1434 1403 llla
1456 1353 1590 1407 sentenia
1603 1393 1613 1422 ,
1638 1357 1710 1426 quod
1733 1357 1857 1414 domium
1881 1363 1965 1420 inrito
1989 1377 2018 1421 et

322 1427 449 1480 remissio
467 1429 506 1480 sit
522 1424 589 1478 iacta
609 1425 659 1476 sub
676 1423 786 1478 nomine
804 1425 978 1494 proprio,an
997 1425 1045 1478 sub
1058 1427 1144 1479 nomi·
1193 1431 1332 1484 reluctanti
1350 1434 1460 1488 vassallo
1482 1437 1589 1508 eulpam
1612 1441 1753 1495 remittere
1779 1447 1866 1513 possit
1884 1447 1913 1500 in
1932 1465 2015 1516 men,

320 1527 357 1564 ne
369 1510 511 1578 dignitatis
523 1508 691 1579 principalis.
710 1511 782 1561 llaec
800 1509 873 1563 enim
894 1511 1019 1564 remissio
1039 1529 1145 1581 semper
1191 1533 1244 1585 qno
1263 1519 1390 1569 vassallus
1415 1519 1475 1589 ipso
1492 1523 1552 1590 jure
1568 1521 1655 1576 leudo
1682 1527 1822 1598 privatur,
1841 1541 1867 1584 et
1890 1531 2015 1588 dominus
2033 1529 2038 1534 ’
2057 1531 2087 1572 ²⁵

324 1591 491 1646 ,mmmm
508 1593 666 1660 dignitatem
687 1593 814 1664 respicit;
828 1595 880 1662 jam
900 1613 961 1649 vero
980 1605 1083 1648 certum
1095 1609 1143 1661 cst,
1191 1597 1319 1664 joan-turo
1339 1600 1495 1670 declararit,
1514 1621 1543 1658 se
1563 1608 1646 1670 velle,
1664 1618 1695 1661 ut
1712 1612 1840 1664 vassallus
1857 1612 1937 1666 ieudo
1957 1617 2015 1686 pri·

321 1676 395 1744 qmd
411 1677 439 1728 iu
452 1677 661 1747 respicientibus
673 1675 848 1746 dignitatem,
867 1695 1002 1733 successor
1019 1681 1143 1736 indistin-
1191 1689 1268 1733 vetus·
1278 1719 1287 1745 ,
1312 1701 1360 1752 per
1377 1685 1445 1739 hane
1461 1689 1535 1741 euim
1554 1689 1758 1747 declarationem
1782 1695 1934 1752 dominium
1958 1701 2016 1753 tes

325 1773 369 1814 ete
381 1761 533 1832 obligetur,
550 1763 657 1815 etiamsi
676 1774 751 1815 actus
767 1763 916 1817 celebratus
933 1765 969 1818 sit
986 1765 1036 1818 suls
1054 1769 1142 1820 nomi·
1192 1761 1219 1813 di
1241 1775 1283 1817 est
1301 1769 1463 1836 applicatum
1483 1771 1593 1826 domino
1604 1813 1613 1840 ,
1632 1784 1660 1829 et
1677 1789 1828 1832 contractus
1845 1781 1967 1839 ietalalis
1982 1803 2016 1839 ex

252 1855 284 1899 n
324 1865 359 1900 u
372 1850 467 1920 propri
467 1869 497 1912 ο,
510 1867 534 1902 a
552 1849 600 1902 dil·
610 1859 638 1900 e,
650 1848 765 1902 ,qfapp
777 1849 812 1900 χ,
826 1847 1142 1922 Μηωωμωωιι
1190 1856 1301 1917 utraque
1319 1863 1393 1920 parte
1411 1862 1464 1906 tam
1485 1855 1589 1908 domini
1615 1875 1694 1928 quatu
1718 1864 1824 1917 rastelli
1850 1867 1958 1934 penitus
1976 1879 2018 1923 ast

319 1948 436 2001 „nque
453 1933 591 2004 procedit,
608 1931 714 1986 etiamsi
735 1931 897 2004 principatui
916 1935 1070 2004 expediret,
1089 1936 1138 1989 stt.
1191 1932 1341 2000 resolutus,
1355 1945 1385 1988 ut
1397 1949 1542 2008 eapropter
1555 1959 1609 1995 non
1629 1943 1706 1997 sitin
1725 1958 1856 2017 potestate
1872 1952 1957 2005 solius
1968 1953 2014 2004 do·

311 2001 421 2068 ‘baim
448 2034 503 2069 m
528 2016 613 2069 quim
636 2015 796 2081 remim„
814 2018 863 2069 „d
881 2015 990 2070 [emtum
1017 2019 1142 2072 demut„
1193 2015 1278 2079 mini,
1298 2029 1462 2072 contractum
1481 2020 1613 2079 teutatem
1634 2028 1881 2101 redintegrare,et
1898 2035 1931 2089 de
1950 2055 2019 2092 novo

318 2100 485 2171 principa„
502 2099 645 2170 applicari.
664 2101 793 2170 Quamvis
812 2099 885 2153 enirn
904 2110 1015 2154 eatenus
1033 2118 1140 2156 succes·
1194 2116 1267 2153 netu
1286 2101 1382 2155 ieduali
1402 2107 1543 2161 vassallum
1563 2115 1756 2182 constringere.
1775 2118 1859 2174 Sicuti
1878 2119 1951 2174 euim
1969 2123 2016 2174 alii

319 2199 363 2236 „f
376 2183 405 2234 5„
419 2183 572 2254 μῑῃᾰμιη
589 2183 622 2236 ad
641 2183 704 2248 itt„
722 2199 788 2250 quae
806 2181 835 2234 in
853 2182 921 2254 reip.
939 2185 1065 2238 damnum
1085 2203 1143 2240 ver.
1191 2193 1342 2240 contractus
1362 2186 1479 2243 feudales
1497 2191 1531 2244 ab
1550 2193 1631 2250 initio
1650 2217 1702 2250 nno
1722 2202 1936 2270 corstrshuutur,
1956 2209 2018 2261 nisi

318 2267 628 2337 gunt,abautecessore
640 2285 693 2322 nou
706 2269 825 2340 potuerit
839 2267 970 2336 obligari,
984 2269 1055 2322 salus
1068 2271 1142 2324 enim
1190 2279 1216 2321 et
1229 2273 1363 2324 .vacsallus
1374 2282 1402 2326 et
1415 2275 1544 2331 dominus
1564 2277 1636 2334 feudi
1656 2286 1821 2352 consentiat,
1837 2305 1895 2361 erg.
1909 2290 1927 2342 l.
1938 2293 2017 2346 sicus.

319 2353 388 2422 wip·
405 2366 530 2422 ,upum
553 2352 597 2405 m
622 2363 681 2420 m,
705 2370 772 2424 qm
790 2352 875 2421 mgq,
899 2352 1057 2406 ,pendeam
1083 2371 1142 2408 Μ.
1190 2371 1215 2408 e.
1228 2353 1255 2406 d.
1273 2372 1299 2408 o.
1312 2366 1339 2409 et
1350 2377 1377 2411 o.
1389 2358 1502 2430 ideoque
1512 2382 1571 2416 enm
1591 2366 1633 2418 nti
1652 2369 1814 2436 anteadiai,
1829 2373 1944 2428 inomni
1957 2387 2018 2429 sets

319 2436 439 2504 cessuri,
463 2454 544 2508 quant
568 2437 688 2490 voluntas
710 2435 902 2490 antecessoris.
928 2434 1054 2490 Attamen
1076 2437 1139 2506 qaia
1192 2441 1322 2494 dissoluto
1336 2443 1454 2498 vicissim
1469 2449 1630 2518 reparando,
1645 2454 1737 2508 eadem
1750 2457 1906 2510 solemnitas
1925 2461 2014 2532 requi·

318 2524 429 2576 amissio
451 2523 520 2576 lueri
545 2539 600 2576 non
627 2531 767 2592 seputatur
793 2521 942 2586 damnum,
963 2538 1015 2592 per
1031 2521 1049 2571 l.
1067 2522 1145 2592 quod
1190 2533 1280 2590 ratur,
1298 2543 1366 2595 quae
1384 2527 1413 2580 in
1433 2530 1493 2600 ipso
1511 2543 1571 2586 ectu
1589 2535 1625 2588 ab
1643 2537 1726 2591 initio
1747 2540 1947 2610 intercedebat,
1964 2562 2015 2599 nec

316 2619 416 2662 amm,
436 2621 462 2662 ς,
476 2605 519 2678 ff,
542 2625 614 2680 φωρ
637 2606 667 2660 in
679 2604 783 2675 fraud.
807 2605 901 2659 creda't.
925 2621 979 2658 non
1005 2604 1140 2660 diminuta
1190 2608 1316 2662 vassallus
1345 2611 1447 2666 inritus
1471 2615 1529 2686 cogi
1552 2619 1653 2688 poterit
1669 2621 1703 2674 ad
1727 2623 1969 2694 consentiendum,
1987 2639 2016 2682 et

317 2701 454 2762 eapropter
470 2692 601 2746 censenda
620 2699 683 2744 sont
700 2687 903 2758 bonaseipubl.
915 2705 982 2758 quae
999 2704 1080 2756 acque
1092 2688 1142 2741 sal-
1188 2709 1239 2762 per
1257 2710 1422 2765 consequens
1439 2699 1468 2751 in
1486 2701 1624 2772 proposito
1641 2723 1703 2759 casu
1720 2708 1753 2760 ad
1771 2711 1941 2766 retinendum
1956 2713 2015 2768 icu·

317 2784 494 2842 ramanent,
521 2776 604 2831 sicuti
628 2773 756 2840 inerunt,
778 2781 921 2842 antequam
946 2772 1072 2828 vassallus
1091 2769 1138 2827 de·
1190 2775 1348 2849 domme-g.
1359 2779 1379 2833 l.
1393 2793 1418 2834 s.
1430 2783 1454 2849 ς.
1470 2795 1493 2835 ι.
1497 2783 1771 2859 ffideprrdlt'corr.l.
1787 2801 1847 2858 ις.
1870 2809 1896 2850 t·
1913 2799 2013 2871 enfin.

316 2861 462 2930 linqueret.
489 2857 617 2914 Videatur
635 2857 747 2912 Sclsrad.
770 2856 804 2909 de
817 2856 900 2926 stud.
914 2873 944 2924 p.
969 2865 995 2906 t.
1016 2865 1089 2927 part.
1116 2867 1141 2910 s.
1179 2858 1335 2936 ffldejrtr.
1345 2864 1423 2935 fisci.
1438 2866 1515 2922 Sicut
1533 2869 1598 2924 haec
1616 2877 1707 2928 omnia
1724 2876 1835 2933 deducit
1854 2879 1967 2936 Schrad.
1982 2905 2012 2956 p.

315 2945 404 3012 prine-
430 2951 492 2997 sect.
521 2952 562 2998 tt.
580 2958 607 2995 rt.
626 2951 670 2994 st.
694 2939 833 2995 Caeterum
851 2939 923 3010 qnod
946 2937 1056 3008 subjicit
1075 2939 1142 2992 sch-
1191 2956 1217 2998 s.
1231 2957 1305 3014 port.
1321 2959 1345 3000 t.
1356 2951 1447 3020 princ.
1457 2965 1520 3005 sect.
1536 2966 1576 3008 tt.
1591 2975 1619 3010 n.
1634 2969 1677 3011 st.
1690 2961 1815 3018 Putarem
1836 2975 1924 3021 tamen
1943 2969 2012 3023 hanc

316 3029 374 3081 ud,
396 3025 422 3079 d,
449 3043 476 3079 a,
503 3035 545 3080 st.
568 3025 598 3080 irs
610 3024 671 3096 fin.
693 3025 846 3094 Principem
865 3021 1023 3078 indistincte
1041 3038 1140 3076 succes-
1192 3029 1336 3088 Scltradeai
1355 3035 1513 3105 opinionem
1531 3041 1748 3112 restringendum
1766 3051 1866 3102 essead
1881 3051 1956 3104 illurn
1969 3072 2013 3107 ca·

315 3111 369 3164 „ft
385 3109 563 3182 praejudicare
581 3126 657 3181 posse
675 3111 703 3161 in
722 3107 881 3180 quaerendis
900 3106 999 3172 rebus,
1019 3123 1074 3160 uon
1091 3109 1139 3160 ab·
1190 3128 1263 3179 snm,
1277 3114 1299 3166 si
1312 3127 1418 3186 praeter
1435 3119 1638 3178 declarationem
1652 3127 1755 3183 domini
1768 3135 1908 3188 accesserit
1928 3139 2012 3192 etiam

316 3199 403 3252 utute
420 3193 636 3249 admittendum:
655 3203 785 3263 qnatenus
802 3193 876 3246 enim
905 3191 971 3246 illud
993 3194 1036 3264 jus
1059 3209 1140 3262 quse·
1188 3196 1269 3248 realis
1288 3195 1360 3250 leudi
1380 3200 1498 3272 oblati03
1519 3215 1546 3260 et
1565 3207 1603 3262 ita
1620 3212 1756 3267 voluntate
1773 3217 1910 3286 pariteret
1928 3239 2013 3277 reno

317 3279 429 3334 rendum
448 3277 552 3333 iuturus
569 3296 673 3348 quoque
691 3277 804 3349 reipubl.
821 3293 899 3330 casus
917 3277 1038 3350 respicit,
1051 3293 1088 3331 sc.
1102 3295 1137 3330 ne
1188 3295 1237 3334 xus
1255 3279 1369 3335 feudalis
1388 3283 1472 3340 inerit
1490 3287 1646 3346 dissolutus.
1666 3295 1744 3367 Quod
1756 3299 1780 3350 si
1795 3301 1867 3354 euius
1888 3304 2010 3359 latacen·

315 3379 451 3417 successor
467 3363 516 3416 hoc
533 3363 574 3418 rel
592 3363 640 3416 illo
658 3363 739 3415 morlo
755 3365 799 3431 jus
815 3363 855 3416 ccl
873 3361 987 3432 reipubl.
1005 3380 1136 3432 quaerere
1188 3362 1272 3414 tentia
1286 3362 1459 3420 declaratoria
1478 3374 1607 3428 vassallus
1620 3377 1798 3435 nihilominus
1811 3383 1842 3436 in
1856 3383 1935 3440 leudo
1949 3389 2012 3442 sult-

319 3450 426 3521 μωςὶι,
446 3450 496 3504 hoc
514 3457 593 3519 pacto
610 3446 669 3499 sine
686 3444 768 3500 dubio
786 3447 931 3500 successori
956 3447 1137 3517 praejudicare
1187 3449 1293 3511 sistat,
1311 3467 1359 3503 nec
1377 3453 1444 3506 illud
1460 3457 1619 3528 dimiserit,
1637 3465 1679 3531 jus
1698 3468 1853 3536 poenitendi
1865 3482 1894 3525 et
1906 3475 2011 3546 culpare

320 3535 424 3607 nequit.
443 3535 525 3588 Aliud
543 3551 606 3588 vero
625 3533 652 3584 in
672 3549 725 3586 non
742 3531 921 3601 sequisitioue
945 3535 1012 3599 juris
1038 3533 1139 3604 speci..
1186 3529 1271 3584 adhuc
1289 3536 1457 3592 remittendi.
1475 3540 1594 3596 Domino
1612 3546 1806 3616 indulgendum
1825 3565 2012 3625 puto,quanr·

317 3622 374 3686 tis,
392 3619 554 3674 antecessori
577 3617 663 3672 adhuc
686 3615 788 3684 delati,
806 3615 853 3671 sed
872 3615 1017 3689 repudiati.
1036 3619 1136 3694 Verum
1187 3615 1226 3667 ris
1239 3621 1365 3672 vassallus
1384 3623 1559 3678 contradicat.
1577 3629 1647 3682 Utut
1665 3633 1740 3686 enim
1751 3634 1797 3689 hic
1807 3639 1936 3694 sententia
1951 3643 2010 3712 lata,

316 3705 380 3758 hee
396 3703 492 3758 ohim·
918 3773 922 3778 ν
1185 3715 1251 3768 quse
1276 3702 1358 3762 etiam
1378 3705 1490 3773 judicati
1513 3709 1585 3763 vires
1601 3717 1720 3785 accepit;
1738 3718 1780 3785 jus
1799 3728 1888 3776 tamen
1907 3723 1958 3778 hoc
1976 3743 2010 3778 ex

250 3809 280 3852 ,⁶
354 3789 470 3843 ‘smum
488 3787 634 3842 ,jecmaan
653 3785 823 3842 remissionis
841 3785 947 3842 ratione
965 3784 1084 3854 domiui3
1096 3785 1135 3840 vi·
1185 3786 1318 3840 sententia
1337 3791 1507 3858 quaesitum,
1526 3795 1606 3848 unius
1626 3796 1795 3868 litigantium
1816 3802 1954 3872 favorem,
1972 3811 2010 3862 al-

317 3873 431 3928 deradnru
447 3877 499 3943 jam
513 3873 567 3926 erit
579 3875 612 3926 de
624 3871 719 3926 effectu
733 3872 902 3926 remissionis
914 3873 1018 3928 ratione
1032 3873 1118 3943 ipsius
1125 3914 1136 3941 ,
1185 3869 1268 3924 terius
1286 3889 1348 3925 vero
1370 3875 1463 3928 odium
1482 3879 1624 3946 continet,
1641 3883 1696 3949 jam
1715 3899 1777 3937 eero
1794 3883 1879 3941 iarori
1899 3897 2011 3966 quisque

247 3985 275 4028 q,
316 3959 429 4012 vassalli.
443 3959 476 4010 Et
487 3968 591 4012 certum
604 3966 660 4021 est,
676 3957 815 4009 dominum
835 3955 1009 4024 posseetiam
1025 3957 1135 4010 rassallo
1184 3972 1232 4008 suo
1250 3959 1408 4013 senunciare
1427 3971 1528 4032 potest,
1548 3964 1567 4016 l.
1582 3965 1686 4031 penult.
1703 3983 1727 4020 c.
1745 3965 1779 4021 de
1794 3983 1866 4039 poet.
1883 3973 1940 4030 Nec
1958 3979 2007 4032 do-

316 4044 402 4096 intiro
419 4054 445 4097 et
466 4041 608 4095 reluctanti
627 4041 736 4110 culpam
763 4041 916 4102 remittere,
936 4041 964 4091 iu
983 4039 1134 4100 hunceffe·
1184 4041 1258 4096 mino
1282 4043 1392 4104 libertas
1417 4047 1574 4102 remittendi
1601 4051 1783 4106 executionem
1808 4062 1956 4114 sententiae
1979 4073 2008 4118 et

316 4139 402 4191 ctum,
415 4135 446 4178 ut
460 4126 583 4179 eassullus
601 4139 708 4177 munere
726 4135 751 4176 et
767 4121 876 4175 feudum
895 4123 1010 4178 retinere
1021 4137 1134 4193 cogatur.
1182 4129 1318 4182 vassallum
1330 4132 1434 4202 penitus
1448 4131 1526 4188 leudo
1538 4135 1689 4206 expellendi
1701 4136 1864 4210 deneganda.
1884 4146 1964 4217 Quod
1982 4149 2007 4201 si

247 4239 276 4281 n
320 4211 432 4266 semp,
435 4211 468 4282 s,
478 4230 506 4282 p,
521 4227 546 4269 q,
554 4219 628 4281 part.
633 4207 800 4277 princ.2.a.
816 4215 895 4259 tt.ru
910 4218 952 4260 st.
964 4207 1010 4259 ubi
1023 4207 1070 4261 lsss
1090 4225 1133 4261 ra·
1181 4213 1307 4266 vassallus
1323 4217 1500 4283 regresserit,
1519 4235 1547 4270 se
1565 4220 1636 4272 nolle
1653 4220 1688 4274 ad
1705 4223 1781 4294 prius
1807 4227 1941 4284 vinculum
1960 4251 2002 4288 re·

318 4297 404 4350 ,imm
422 4295 572 4362 mquam,
590 4293 705 4366 prum,
724 4292 794 4363 quod
812 4293 877 4359 hoc,
898 4300 927 4344 nt
942 4291 1066 4348 vassallus
1077 4291 1136 4346 leu·
1186 4295 1260 4365 dire,
1278 4309 1306 4353 et
1321 4298 1429 4354 feudum
1447 4303 1566 4358 retinere
1590 4316 1703 4377 propter
1732 4308 1809 4365 lutam
1828 4313 1883 4382 jam
1902 4326 2009 4371 muten-

317 4383 352 4435 do
370 4383 484 4452 privetur
494 4392 599 4452 propter
617 4379 815 4440 felloniam,iu
829 4375 946 4432 fororem
960 4375 1063 4432 domini
1075 4395 1136 4430 con·
1185 4381 1270 4449 tiam,
1288 4385 1371 4438 etita
1388 4384 1546 4442 dissolutum
1567 4387 1641 4442 leudi
1674 4408 1792 4447 nexum:
1810 4413 1864 4450 non
1883 4397 2008 4456 difficilis

316 4469 437 4520 ,mulum
457 4467 510 4532 ⁵313
529 4467 624 4535 ideoq3
638 4465 689 4518 noe
701 4463 835 4518 inedium
848 4466 904 4532 ejus
915 4461 1068 4531 detorqueri
1082 4479 1134 4516 non
1185 4467 1325 4538 replicatio
1332 4471 1398 4537 erit;
1409 4472 1451 4538 jus
1462 4490 1496 4526 es
1506 4475 1640 4529 sententie
1651 4479 1804 4547 quaesitum
1820 4482 1915 4538 victori
1929 4503 2008 4556 qnae·

314 4549 420 4618 qamt,
434 4569 493 4620 ως,
506 4553 523 4603 ι.
534 4552 612 4623 quod
620 4549 691 4620 fou.
708 4561 732 4602 e.
746 4566 768 4602 c.
781 4546 858 4603 dell.
868 4557 894 4600 et
907 4547 926 4599 l.
940 4546 1027 4600 nullo.
1046 4545 1135 4615 test.
1184 4554 1265 4606 situm
1278 4571 1350 4621 esse,
1369 4573 1422 4609 non
1440 4555 1521 4612 vieto.
1537 4555 1572 4611 Et
1589 4558 1669 4626 ltine,
1682 4559 1705 4615 si
1719 4563 1803 4616 victor
1827 4567 1886 4634 iure
1898 4585 1946 4623 suc
1958 4571 2008 4635 uti,

246 4667 276 4708 Η
314 4635 546 4705 magmultis,
565 4635 635 4705 quod
655 4633 784 4686 delictum
803 4649 878 4686 suum
899 4629 1010 4696 nemini,
1025 4630 1137 4702 ideoque
1184 4640 1560 4695 etsententiaeeaeeutionem
1577 4659 1672 4713 urgere
1690 4647 1778 4712 nolit,
1793 4651 1870 4704 nullo
1889 4653 2007 4708 remedio

315 4737 363 4772 nec
376 4721 504 4786 sasastln,
523 4719 618 4774 debeat
635 4715 878 4788 patrocinari,quo
890 4713 954 4768 inde
965 4714 1133 4767 commodum
1183 4734 1212 4778 nt
1229 4725 1277 4777 hoc
1294 4723 1517 4798 iaciat,sparte
1534 4729 1601 4783 victa
1619 4733 1753 4802 compelli
1778 4737 1888 4805 poterit.
1907 4739 2005 4809 Qtram·
2045 4744 2078 4787 ²⁸

315 4821 343 4858 se
361 4804 495 4862 liberandi
513 4820 528 4854 a
547 4818 618 4854 nexu
637 4799 736 4854 feudali
755 4800 894 4870 acquirat,
911 4815 967 4868 arg.
982 4798 1001 4850 l.
1019 4808 1058 4850 tt.
1073 4805 1094 4862 ς.
1110 4813 1133 4854 ι.
1184 4807 1231 4860 diu
1248 4827 1312 4880 ergo
1328 4810 1491 4864 seutentiam
1509 4829 1562 4864 non
1581 4825 1711 4868 executus
1728 4828 1753 4871 et
1771 4816 1879 4874 lendum
1900 4825 2009 4878 vassallo

304 4885 347 4957 ff.
370 4887 514 4959 desertis.
531 4887 556 4950 l.
580 4903 638 4940 nort
659 4883 843 4954 fraudantur·
864 4892 932 4944 Ati·
952 4889 974 4946 5.
993 4881 1134 4954 nemoffi
1183 4911 1237 4948 non
1256 4893 1383 4960 abstulit,
1403 4911 1455 4950 uon
1475 4898 1577 4966 poterit
1603 4898 2006 4960 nexust‘endslisdicidissolu·

314 4978 348 5030 de
367 4991 390 5027 Γ.
402 4975 428 5047 ¹.
1184 4991 1240 5044 tue,
1255 4997 1305 5035 nee
1318 4981 1363 5034 hic
1375 4979 1517 5038 iacendum
1537 4984 1650 5036 vasallo
1662 4995 1755 5056 utpote
1767 4987 1951 5061 delinquenti,
1962 5003 2009 5047 aut

346 5059 451 5127 Ergone
467 5073 529 5112 sero
548 5067 576 5111 et
593 5057 703 5112 ieudum
723 5053 861 5114 refutandi
879 5053 993 5108 licentia
1011 5053 1059 5108 tali
1078 5068 1134 5108 vu·
1181 5063 1349 5118 commodum
1362 5065 1415 5134 ipsi
1428 5065 1560 5135 quoddam
1574 5065 1776 5136 tudugenturn
1887 5131 1893 5138 ,

312 5143 379 5196 „110
397 5143 565 5212 peqqnquenqt
590 5139 736 5213 ,dempta
755 5138 878 5198 Affirmat
901 5139 951 5192 hoe
974 5137 1086 5192 Schrad.
1105 5140 1133 5192 d.
1217 5151 1278 5203 tam
1296 5147 1330 5202 de
1347 5145 1442 5201 effectu
1460 5148 1627 5208 remissionis
1640 5156 1749 5210 ratione
1766 5172 1918 5229 agmtornm
1937 5181 2000 5235 pau·
2040 5175 2070 5216 ²²

310 5247 340 5280 η,
355 5237 479 5281 mm,
490 5224 863 5282 lmmmen.sc..iscultatem
877 5222 1011 5279 refutandi
1023 5221 1131 5277 feudum
1181 5235 1221 5288 cis
1236 5232 1404 5296 videndum
1430 5234 1478 5290 nbi
1502 5247 1670 5292 controversa
1694 5240 1741 5296 illa
1758 5255 1790 5299 et
1815 5245 1844 5298 in
1863 5257 2003 5320 utramque

312 5311 509 5382 periclloniam
523 5307 1054 5380 nonamittereentiergosliasvassallo
1072 5307 1132 5360 uni·
1182 5329 1283 5389 partem
1302 5318 1366 5374 satis
1390 5317 1481 5388 agitata
1508 5337 1566 5374 sese
1588 5322 1666 5376 nubis
1689 5324 1775 5382 cilcrt
1796 5332 1942 5400 quaestio:
1968 5353 2001 5386 an
2042 5349 2074 5391 ss

312 5398 409 5467 ,utque
427 5396 511 5460 tinet,
530 5393 641 5454 fetidum
657 5411 736 5450 suum
755 5393 836 5447 etiana
855 5391 941 5445 inrito
960 5390 1070 5445 domino
1089 5407 1132 5444 rc·
1180 5403 1244 5456 haec
1263 5403 1386 5456 remissio
1404 5403 1498 5473 eulpae
1517 5403 1573 5458 sive
1591 5403 1715 5464 felloniae
1733 5413 1820 5482 possit
1837 5415 2002 5484 praejudica-

312 5480 409 5542 ἠως,
428 5475 485 5548 ²·s·
501 5489 543 5531 ss.
555 5477 630 5532 verb.
642 5480 708 5548 puto
720 5477 849 5534 conallus
862 5478 945 5528 etium
955 5479 1013 5530 at'ne
1026 5477 1135 5534 domini
1180 5505 1210 5543 re
1227 5489 1329 5560 agitatis
1346 5486 1507 5542 simultauee
1522 5487 1679 5550 investitis?
1702 5493 1753 5548 Pro
1771 5499 1845 5566 cujus
1869 5496 2004 5552 decisione

312 5565 466 5617 uolaantote.
486 5579 539 5616 uon
558 5565 702 5628 obstante,
719 5565 793 5631 cujus
813 5561 914 5615 indolis
935 5561 976 5614 tel
992 5560 1130 5632 qualitatis
1180 5576 1246 5629 utile
1264 5575 1315 5630 erit
1331 5575 1448 5628 rationes
1465 5573 1603 5644 utriusque
1615 5577 1830 5647 partisbreviter
1843 5581 1870 5634 in
1885 5580 2000 5634 medium

313 5647 395 5704 suem
416 5647 532 5702 seudum·
554 5646 664 5718 magnif,
684 5647 729 5700 dn,
750 5645 915 5700 mima
937 5645 998 5712 uf,
1019 5653 1043 5694 s.
1078 5655 1128 5695 .ι.
1179 5657 1658 5731 ,dtuc210‚sut·jcctapostmodum
1678 5663 1809 5720 sententis
1835 5667 2003 5721 nostra.Pro
2043 5659 2073 5700 ²⁹

242 5098 274 5139 20

283 6130 413 6279 t..
