4402 6284
558 335 1439 442 nrsrorarrornrna

359 566 462 680 uu
516 557 908 682 aunuente
958 497 1648 674 uuouunuuuurutro

749 817 804 860 ιιιιι
827 813 943 860 orror.
966 809 1050 856 anno
1074 779 1259 855 rancum(

803 997 1196 1044 narranaam!

395 1151 585 1249 nursam
608 1175 871 1246 ntnnnmco
894 1175 960 1244 nn
983 1175 1166 1261 nunna,
1190 1174 1300 1268 noo.
1324 1173 1622 1248 unsonrncu.

728 1377 1288 1428 ...ψ-ι-

770 1549 1235 1620 PRAEFAMEN.

167 1733 225 1866 In
252 1783 367 1855 arduis
392 1783 599 1877 reipublicae
623 1781 765 1874 negotiis
790 1779 993 1872 prudentum
1017 1782 1155 1854 consilio
1170 1780 1248 1864 uti,
1271 1805 1374 1874 quam
1407 1781 1490 1852 utile
1516 1781 1642 1874 pariter
1666 1806 1703 1852 ac
1729 1803 1841 1850 neces·

165 1884 291 1955 sarium
315 1879 378 1957 sit,
401 1900 500 1944 nemo
526 1875 565 1940 in
591 1873 692 1940 rebus
718 1873 858 1963 politicis
878 1872 930 1938 vel
954 1871 1164 1945 mediocriter
1187 1891 1335 1942 versatus
1358 1895 1424 1940 non
1448 1873 1552 1940 ridet:
1575 1875 1677 1956 adeo,
1700 1891 1740 1940 ut
1761 1871 1839 1940 nul·

56 2035 60 2044 .
166 1975 238 2041 lam
261 1967 523 2059 rempublicam,
543 1988 631 2055 quae
657 1965 730 2030 aine
753 1985 792 2030 eo
814 1961 875 2028 diu
899 1961 1067 2045 floruerit,
1084 1989 1235 2060 unquam
1260 1989 1295 2031 re
1340 1983 1422 2030 rtem
1447 1963 1564 2048 luisse,
1584 1987 1659 2032 vere
1682 1964 1766 2032 mihi
1790 1961 1845 2030 ri·

165 2063 250 2130 dear
273 2079 364 2150 posse
387 2056 603 2124 contendere.
623 2056 752 2121 Rerum
775 2075 986 2120 romanarum
1003 2056 1131 2146 primus
1155 2057 1212 2126 illa
1226 2079 1286 2125 con
1314 2059 1378 2122 itor
1394 2055 1572 2141 Romulus,
1588 2054 1732 2146 reipubl.
1749 2073 1845 2133 suae,

166 2167 201 2220 et
224 2148 352 2243 populo
375 2146 505 2238 legibus
528 2162 782 2238 prospecturus,
804 2145 890 2210 cives
913 2167 1046 2228 omnes,
1072 2159 1154 2214 teste
1171 2147 1289 2228 Livio,
1306 2149 1342 2213 in
1366 2145 1541 2213 consilium
1566 2145 1736 2212 adhibuit:
1751 2160 1785 2210 et
1804 2151 1844 2207 ut

166 2243 353 2332 imperium
378 2259 552 2303 romanum
578 2236 768 2302 felicissimo
790 2233 852 2310 hoc
874 2234 1019 2323 auspicio
1042 2239 1165 2324 coepit,
1190 2240 1235 2303 ita
1261 2239 1361 2303 unico
1384 2237 1444 2302 illo
1472 2235 1634 2328 praesidio
1662 2235 1746 2301 mire
1772 2255 1846 2300 cre.

169 2334 236 2412 vit,
262 2329 394 2408 floruit,
417 2327 565 2394 durarit.
590 2325 702 2416 Quam
728 2325 818 2391 enim
840 2323 885 2389 ob
907 2345 1037 2390 causam
1062 2347 1118 2389 sua
1136 2324 1279 2392 Romani
1306 2325 1457 2392 indixere
1479 2324 1631 2408 comitia,
1653 2325 1718 2391 nisi
1726 2376 1737 2408 ,
1752 2335 1793 2390 ut
1806 2320 1849 2389 de

166 2424 275 2490 rebus
304 2418 476 2509 publicum
508 2419 652 2498 bonurn,
682 2415 894 2506 salutemque
926 2413 1184 2502 respicientibus
1214 2413 1349 2481 consilia
1372 2411 1553 2506 caperent?
1577 2413 1622 2479 Et
1646 2413 1781 2506 quando
1810 2412 1848 2480 in

66 2585 70 2601 ,
169 2535 280 2580 unum
306 2511 426 2587 coiere,
454 2507 511 2573 ubi
536 2507 671 2574 consilia
697 2529 813 2572 eorum
838 2525 906 2594 uon
930 2505 1189 2594 prosperrimum
1215 2521 1373 2573 eventum
1398 2502 1600 2572 habuerint?
1615 2501 1728 2594 Quid?
1743 2502 1850 2594 conji-

171 2628 206 2671 ce
231 2600 345 2668 oculos
368 2599 404 2664 in
431 2611 553 2680 totam,
577 2616 792 2686 quocumque
817 2605 922 2684 patet,
946 2593 1132 2682 Europam:
1166 2597 1299 2661 intuere
1329 2598 1442 2662 omnia
1475 2595 1632 2686 imperia,
1658 2617 1780 2686 regna,
1814 2605 1849 2660 et

172 2691 323 2760 melioris
352 2701 448 2754 notae
477 2685 698 2779 respublicas,
730 2685 821 2751 nulla
851 2683 924 2748 sinc
953 2681 1014 2748 hoc
1044 2685 1148 2748 fulcro
1176 2685 1317 2768 stetisse,
1342 2703 1376 2752 et
1399 2683 1508 2756 adhuc
1530 2699 1615 2753 stare
1639 2681 1850 2752 animadver-

63 2843 72 2862 ,
173 2793 239 2848 ter:
267 2783 400 2847 intuere
423 2779 557 2868 imperii
583 2771 916 2868 romano-germanici
942 2784 1083 2852 statum,
1101 2795 1212 2839 nonne
1236 2775 1263 2840 is
1286 2776 1448 2858 consiliis,
1468 2800 1554 2868 quae
1578 2775 1622 2842 im
1649 2788 1756 2842 arator
1771 2799 1851 2844 cum

173 2865 393 2950 electoribus,
417 2868 624 2959 principibus
648 2880 680 2932 et
705 2863 842 2932 caeteris
865 2861 1007 2927 statibus
1030 2861 1065 2928 in
1089 2861 1235 2952 publicis
1257 2866 1400 2935 comitiis
1423 2868 1570 2937 conferre
1593 2799 1689 2949 solet,
1712 2891 1774 2933 ceu
1797 2888 1852 2934 co·

173 2962 314 3028 lumnae
348 2959 463 3034 unice¹
482 2951 663 3024 innititur?
697 2953 833 3020 latuere
864 2974 966 3042 parra
998 2951 1200 3020 Germaniae
1225 2978 1326 3046 regna
1350 2955 1419 3024 sire
1444 2956 1607 3024 territoria
1636 2957 1851 3047 principum,

175 3076 291 3120 nonne
315 3052 350 3116 in
375 3048 518 3117 comitiis
540 3043 800 3138 provincialibus
825 3042 1021 3134 populorum
1045 3043 1135 3112 salue
1159 3044 1283 3134 pariter
1298 3071 1334 3112 ac
1351 3047 1543 3137 principum
1558 3047 1703 3138 dignitas
1718 3051 1854 3141 acquie-

174 3141 262 3212 scit?
286 3141 404 3208 Nonne
428 3139 539 3206 lelices
563 3135 769 3228 principatus
791 3135 843 3202 rel
865 3134 1004 3201 ducatus
1026 3137 1194 3215 existunt,
1218 3134 1277 3202 ubi
1305 3138 1473 3227 principes
1496 3141 1620 3228 majora
1644 3149 1678 3202 et
1701 3141 1853 3231 graviora

174 3259 254 3300 cum
280 3250 427 3298 statuum
453 3227 706 3319 provincialium
731 3248 891 3292 consensu
915 3224 1099 3317 peragunt?
1123 3227 1193 3294 Hoc
1216 3227 1314 3292 etiam
1338 3245 1439 3319 atque
1464 3229 1563 3293 etiam
1587 3227 1677 3318 apud
1701 3231 1852 3298 animum

177 3347 294 3390 meum
319 3319 546 3400 considerans,
569 3319 671 3384 altius
695 3339 766 3383 eant
790 3314 860 3382 reni
884 3314 1039 3382 meditari
1063 3339 1120 3384 coe
1147 3317 1175 3403 i,
1199 3329 1329 3383 etcum
1354 3317 1437 3383 milri
1463 3317 1653 3410 injunctum
1677 3319 1720 3386 sit
1744 3319 1787 3387 ab
1811 3320 1854 3387 il·

177 3415 241 3494 lis,
267 3412 394 3504 quibus
416 3432 532 3500 parere
554 3407 657 3499 gloria
682 3405 787 3487 mibi,
803 3407 969 3496 specimen
993 3341 1144 3500 aliquod
1156 3405 1253 3474 edere
1272 3407 1511 3489 academicum,
1529 3409 1663 3499 putari,
1681 3411 1853 3478 neminem

177 3503 264 3571 milri
295 3503 376 3569 vitio
405 3523 578 3566 versurum
607 3521 691 3580 esse,
720 3498 747 3564 si
770 3496 812 3563 de
835 3499 973 3563 statibus
996 3497 1256 3588 provincialibus
1279 3497 1436 3564 nonnihil
1458 3495 1658 3565 disseruero.
1685 3500 1774 3567 Sunt
1803 3501 1851 3584 ii,

177 3595 273 3661 inter
298 3616 381 3684 quos
407 3607 509 3680 atquc
538 3589 706 3680 principes
730 3588 766 3653 in
791 3587 985 3678 regionibus
1007 3612 1031 3654 s.
1055 3611 1137 3655 rom.
1161 3588 1295 3676 imperii
1319 3587 1362 3655 dc
1390 3588 1491 3655 rebus
1522 3590 1659 3657 maximi
1690 3591 1854 3658 momenti

88 3747 91 3756 .
177 3696 300 3752 mutuo
328 3682 542 3750 consultatur.
571 3679 660 3745 Sunt
688 3680 725 3760 ii,
759 3701 798 3744 ex
827 3701 971 3767 quorum
1001 3677 1300 3746 consultationibus
1329 3680 1509 3747 maximum
1543 3682 1578 3747 in
1612 3681 1853 3772 rempublicam

82 3847 88 3860 ,
178 3773 350 3842 redundat
374 3771 652 3838 emolumentum.
687 3767 794 3860 Digni
828 3769 870 3835 ita
901 3793 963 3852 ue,
986 3793 1073 3861 quos
1107 3768 1284 3857 prolixius,
1317 3786 1350 3837 ct
1381 3793 1441 3860 pro
1473 3771 1602 3864 ingenii
1627 3773 1693 3839 mei
1718 3771 1854 3839 modulo

149 3887 368 3957 *persequar
392 3861 533 3951 plenius.
559 3861 610 3926 Te
633 3882 729 3944 vero,
754 3793 915 3925 benevole
937 3859 1054 3941 lector,
1079 3871 1118 3925 ut
1142 3861 1254 3925 omnia
1280 3861 1314 3926 in
1341 3861 1509 3928 meliorem
1535 3882 1662 3953 partem
1687 3862 1854 3954 iuterpre-

180 3957 279 4032 teris,
297 3951 443 4020 modeste
466 3973 561 4042 rogo,
578 3972 699 4040 meque
715 3961 774 4015 tuo
791 3949 892 4016 favori
910 3951 1008 4016 etiam
1025 3963 1125 4040 atque
1142 3951 1240 4017 etiam
1257 3947 1461 4018 commendo.
1478 3951 1723 4020 Tractationem
1748 3955 1855 4044 ipsam

74 4107 80 4118 ,
180 4045 357 4112 absolvent
373 4054 515 4134 quatuor
530 4041 647 4130 capita,
665 4040 700 4104 in
713 4041 824 4130 primo
841 4053 957 4132 agetur
972 4039 1014 4105 de
1029 4043 1171 4108 statibus
1190 4040 1447 4132 provincialibus
1463 4043 1498 4108 in
1514 4065 1649 4136 genere:
1665 4045 1855 4114 secundum

181 4134 386 4213 coritinebit,
410 4133 472 4222 qui
497 4144 642 4196 statuum
669 4129 922 4220 provincialium
946 4131 1082 4197 nornine
1111 4133 1259 4200 veniant.
1288 4131 1446 4216 Tertium
1474 4131 1627 4201 tractabit
1648 4134 1689 4204 de
1709 4157 1854 4204 conven-

181 4227 276 4290 tibus
294 4221 562 4314 prorincialibus.
580 4219 751 4312 Quartum
767 4218 937 4288 absolvent
959 4244 1012 4287 res
1026 4238 1129 4313 atque
1145 4224 1294 4314 negotia,
1310 4223 1345 4289 in
1361 4224 1487 4316 quibus
1502 4236 1650 4292 statuum
1665 4225 1853 4318 provincia·

183 4314 270 4380 lium
287 4335 460 4380 cousensus
481 4311 633 4380 adhiberi
657 4315 748 4380 solet.
772 4309 890 4401 Quod,
914 4327 953 4378 ut
973 4309 1117 4382 feliciter
1140 4336 1362 4408 prospereque
1381 4315 1549 4404 succedat,
1564 4313 1678 4384 Deum
1692 4316 1854 4386 submitte

185 4425 338 4472 veneror.

856 4595 1104 4670 CAPUT
1149 4601 1180 4670 Ῑ.

649 4765 708 4836 De
731 4769 878 4839 statibus
897 4771 1171 4863 provincialibus
1193 4774 1229 4842 ἰιι
1251 4797 1387 4870 genera.

415 4967 439 5020 Δ·
459 4967 487 5021 U
501 4965 538 5020 1!
552 4965 586 5019 Id
601 4963 631 5019 A
649 4967 676 5021 n
694 4967 714 5019 1
729 4964 759 5019 A
1046 4957 1107 5015 Cur
1122 4975 1178 5014 naa
1196 4977 1282 5032 aeque
1298 4961 1517 5036 germanorum?
1534 4979 1561 5015 n.
1581 4971 1606 5014 t.

1046 5045 1171 5098 mutuum
1186 5043 1395 5113 prouincialium
1413 5043 1491 5115 origo
1509 5063 1546 5100 ear
1564 5045 1704 5103 Aventina
1722 5057 1750 5103 et
1764 5047 1859 5106 zeta.

178 5139 328 5202 Ingressus.
345 5151 373 5188 ιι.
395 5144 417 5186 t.
1084 5129 1187 5182 Cliton.
1205 5129 1323 5200 Spirens.
1339 5129 1480 5198 prodatur.
1500 5147 1529 5181 ιι.
1550 5139 1573 5182 t.

178 5222 336 5291 Indagatm·
353 5216 441 5287 origo.
460 5237 487 5272 ιι.
509 5228 533 5272 t.
1044 5207 1204 5284 Eorumque
1218 5213 1283 5281 y’ura
1299 5211 1399 5265 sensim
1417 5227 1529 5265 creuere.
1546 5227 1574 5262 ιι.
1594 5221 1617 5264 a.

178 5305 278 5374 anue
295 5303 323 5356 ιἰι
342 5300 471 5355 omnibus
482 5301 563 5359 relat
574 5305 728 5360 necessaria
741 5319 798 5360 aare
808 5301 913 5359 dicitur.
927 5321 954 5357 ιι.
970 5313 992 5356 t.
1046 5295 1330 5353 Constantardinart‘e
1341 5295 1490 5366 praelatis,
1509 5293 1645 5350 catturae
1661 5294 1857 5353 eteiet‘tmidur.

183 5389 287 5443 Variae
298 5398 325 5441 ct
337 5388 437 5442 dubiae
449 5399 592 5444 auctorum
603 5392 754 5447 tententiae
766 5393 799 5448 de
810 5400 923 5448 corant.
932 5409 958 5443 n.
968 5401 991 5442 t.
1080 5401 1107 5434 n·
1130 5389 1172 5434 ¹⁰·

84 5501 98 5528 a
177 5473 251 5541 mue
266 5489 350 5526 causa
369 5491 397 5525 ιι.
417 5485 441 5525 ι.
1048 5469 1139 5535 Quare
1156 5463 1234 5534 pleds
1252 5458 1394 5517 rusticana
1412 5461 1527 5518 airaon
1546 5461 1680 5520 medat?
1697 5481 1725 5518 ιι.
1746 5475 1785 5519 tt.

182 5555 276 5623 Quare
291 5553 481 5610 Romanorum
492 5573 536 5612 m
551 5567 643 5630 gestae
651 5576 702 5631 pra
715 5556 847 5615 maximis
857 5555 992 5612 celebren-
1048 5551 1121 5621 Quid
1136 5549 1164 5602 ἰιι
1183 5547 1280 5603 Saecia
1299 5547 1442 5604 obtineat?
1457 5567 1485 5602 ιι.
1508 5561 1547 5602 ιι.

213 5633 283 5690 aar?
300 5653 327 5688 n.
348 5649 371 5691 a.
1045 5639 1079 5691 In
1098 5633 1264 5709 quibusnam
1282 5649 1376 5690 coram
1396 5633 1547 5690 auctoritas
1564 5636 1719 5709 appareat?
1735 5651 1763 5688 ιι.
1783 5642 1827 5693 tt.

270 5719 375 5792 Strykt'i
395 5721 456 5779 rot.
474 5725 526 5781 IV.
1537 5729 1552 5770 ι
