4418 6266
236 192 289 292 aas
337 261 341 270 ι
456 232 505 286 nn
523 189 622 289 rnnn'
633 225 882 288 antestante
901 231 1008 288 unct
1027 231 1143 292 turns
1161 231 1328 292 unarum
1346 229 1586 292 votuunstts.

1759 239 1813 307 854

183 329 447 386 tentaremur.
464 330 552 401 mgni
568 315 755 401 testumifirc.
772 331 1000 400 persuasura.
1051 334 1191 407 singular.
1203 334 1310 388 ddrum.
1325 333 1406 404 Sing.
1426 330 1489 384 281.
1505 352 1533 386 ιι.
1549 334 1612 388 215.
1627 336 1655 389 in
1657 335 1689 408 s
1703 332 1776 404 Quia
1793 337 1871 391 nulla
1905 335 1940 392 fio

182 413 303 484 deprob.
317 417 406 470 sonci.
420 413 498 480 1364.
514 414 643 465 Hoenon.
657 413 722 482 disp.
737 431 761 482 7·
777 433 822 488 qn.
835 433 863 487 g.
880 415 1005 468 etiamad

1054 419 1164 472 donatio
1178 418 1224 486 fit,
1236 417 1289 468 nisi
1309 417 1338 466 in
1356 418 1573 472 consentientem
1587 426 1611 470 et
1625 429 1822 487 acceptantem.
1837 421 1871 474 dt

183 500 385 568 nuncupativa,
399 498 456 550 rid.
470 497 518 550 dn.
531 495 684 549 Brunnem.
704 499 742 550 cd
754 499 780 552 d.
795 501 816 551 l.
830 499 1004 554 dictantibus.
1053 512 1197 572 acceptare
1212 500 1590 572 rideturtantumpraesentis
1599 504 1778 558 esscterum
1787 506 1873 558 enim·

112 585 148 654 Α.)
185 581 371 647 etlusissime,
385 583 509 652 Harppt.
528 601 560 636 ιι.
578 581 605 634 6.
621 599 645 653 7.
659 595 687 635 et
702 599 776 654 seqq.
793 582 867 636 lllud
888 583 932 637 hie
950 602 1006 637 non

189 668 297 721 ridetur
311 669 490 721 omittendum
504 682 581 733 esse,
596 669 776 736 praesentiam
789 671 909 720 maximo
921 687 1009 738 quan.

184 751 276 820 doque
296 752 470 822 praejudicio
491 767 551 803 esse
574 766 656 820 posse
675 750 929 804 fideicommissario
947 755 1008 804 nni·

113 847 148 898 50
186 835 287 891 versati
302 836 347 888 sel
360 834 484 887 haeredi.
499 834 600 886 Parum
620 834 693 884 enirn
707 832 799 900 abeat,
815 836 880 902 quin
894 839 1007 888 moritu-

149 977 152 983 ,
188 936 251 981 rus,
263 917 456 971 recordatione
471 915 553 985 hujus
568 918 613 970 sel
630 918 706 968 illius
719 916 846 988 bettelicii
860 917 949 986 legato
963 920 1007 972 rel

188 1003 268 1054 etiam
283 1011 337 1054 tota
349 998 516 1052 haereditate
531 1000 710 1070 peregrinum
724 999 868 1066 quemdam
881 1003 946 1054 selit
961 1003 1009 1054 do·

146 1119 149 1128 .
187 1100 271 1154 nare,
288 1087 424 1152 siquidem
444 1085 626 1136 ambulatoria
648 1083 768 1136 hominis
781 1087 957 1139 estroluntas
976 1088 1008 1138 ad

188 1188 347 1241 supremum
362 1173 536 1238 sequestrae
552 1173 673 1238 exitum,
693 1173 714 1224 l.
733 1171 761 1235 4.
774 1171 808 1223 de
820 1168 910 1226 adina.
927 1175 1008 1243 legat.

161 1313 167 1325 .
189 1258 250 1309 Hoc
271 1272 338 1325 ergo
357 1271 441 1320 casu,
459 1257 498 1318 si,
519 1257 632 1307 remotis
651 1256 716 1307 licet
739 1254 865 1308 omuibus
886 1257 1011 1322 arbitris,

190 1345 243 1397 soli
263 1341 520 1395 fideicommissario
540 1340 677 1410 praesenti
696 1339 825 1410 precibus
846 1337 1010 1407 injunxerit,

189 1433 235 1484 rel
246 1438 329 1482 totam
343 1425 555 1489 haereditatem,
568 1426 612 1477 ret
622 1426 725 1493 pingue
735 1425 853 1491 legatum
867 1424 1011 1474 restituere

189 1515 301 1579 trevio,
314 1512 431 1566 firtnttet
443 1511 488 1564 hic
501 1510 637 1580 obligatus
659 1510 709 1561 erit
722 1509 754 1559 ad
765 1508 900 1562 testatoris
913 1507 1011 1558 solun-

188 1609 268 1654 tatem
283 1596 466 1667 implendam,
478 1595 504 1669 5
509 1595 540 1666 f
557 1597 582 1648 1.
602 1591 640 1646 de
652 1589 800 1664 fideicom.
813 1591 922 1644 haeresi.
933 1587 1012 1640 Nihil

190 1683 254 1736 inde
268 1683 348 1737 etiam
368 1679 466 1746 refert,
480 1689 560 1734 testes
573 1695 629 1730 uon
643 1677 775 1743 adfuisse,
790 1691 840 1728 nec
851 1675 1012 1728 solemniter

193 1768 360 1821 voluntatem
374 1781 433 1818 esse
445 1765 621 1817 declaratam.
634 1762 754 1826 sufficit,
770 1763 876 1812 unicam
890 1761 1010 1811 vetulam

193 1851 323 1904 novitatis
336 1857 471 1900 amantem
485 1858 508 1898 et
524 1847 662 1915 garrulam
679 1844 763 1896 inisse
776 1851 1012 1914 praesentem,aut

191 1943 348 1990 testatorem
363 1931 416 1984 hon
430 1933 529 1984 iterum
544 1931 671 1983 retulisse
682 1929 794 1982 Meris:
807 1929 936 1996 quoniam
956 1925 1009 1976 laoc

190 2019 251 2071 solo
268 2017 425 2070 testimonio
438 2015 471 2067 ad
488 2012 712 2082 consequendum
731 2013 849 2080 legatum
868 2019 1011 2062 contentus

192 2118 252 2155 esse
269 2110 359 2171 potest
384 2101 546 2169 legatarius,
568 2101 699 2168 praestito
718 2113 836 2165 namque
856 2099 1010 2166 juramento

189 2187 359 2251 calumniae,
373 2183 393 2236 l.
404 2185 448 2250 34.
462 2181 487 2255 5.
502 2183 529 2248 d.
532 2182 574 2255 ff
585 2183 618 2236 de
627 2181 745 2253 jurejur.
758 2181 774 2231 J
779 2179 1011 2248 uramentumipsi

190 2271 305 2324 haeredi
320 2278 409 2339 potest
422 2267 531 2319 deferre
542 2274 714 2332 ‚testatorem
723 2264 850 2334 taleqnid
861 2265 912 2335 ipsi
921 2265 1011 2334 injun-

118 2355 154 2409 55
190 2355 279 2420 aisse,
294 2357 314 2408 l.
328 2355 373 2405 32.
387 2351 448 2407 cod.
462 2340 671 2420 defideicomm.
692 2353 752 2402 lioc
772 2352 794 2403 si
815 2351 908 2403 lacere
924 2349 1008 2401 detto

191 2440 323 2504 etarsrit,
337 2438 454 2508 amplius
468 2437 523 2504 jum
542 2434 575 2486 ab
591 2435 765 2486 exsolutione
778 2451 807 2486 se
817 2433 939 2486 liberare
956 2447 1012 2483 non

189 2524 305 2595 poterit,
320 2519 351 2574 d.
366 2525 387 2575 l.
401 2521 445 2572 32.
458 2537 484 2573 c.
498 2519 626 2587 quoniam
646 2533 777 2571 recusans
789 2520 884 2587 jurare
898 2516 1015 2570 hahetur

190 2625 244 2683 pro
258 2608 403 2670 confesso,
422 2604 507 2672 idque
525 2602 562 2655 oh
582 2602 703 2654 lusorem
721 2604 1013 2669 fideicommissorum,

191 2692 249 2748 rid.
262 2688 417 2758 Theophtt.
427 2689 443 2739 J
448 2705 489 2740 ac.
504 2687 597 2757 Cujac.
612 2697 638 2739 et
647 2687 794 2742 Fabrottns
806 2691 837 2742 in
851 2690 921 2743 notis
932 2685 973 2740 ad
985 2689 1012 2760 5.

182 2778 214 2850 J.
224 2797 254 2848 J
263 2776 296 2829 de
295 2775 390 2847 fideic.
412 2763 573 2833 Hottoman.
593 2781 619 2824 et
638 2772 738 2823 Anton.
752 2771 852 2825 Matth.
872 2773 900 2825 ira
916 2772 1011 2840 colleg.

184 2860 319 2933 fiendam.
333 2857 389 2938 ιἰιι.
404 2855 442 2912 cd
451 2855 515 2914 itast.
530 2865 557 2908 et
567 2853 614 2906 du.
628 2855 719 2910 Praes.
732 2853 772 2911 nd
781 2855 808 2929 5.
818 2857 849 2928 ſs
863 2855 888 2927 ι’.
907 2853 944 2910 de
961 2853 1013 2909 nn.

194 2943 309 2998 haered.

119 3026 156 3094 54
229 3023 355 3092 Quodsi
375 3021 493 3078 abluerit
512 3025 684 3091 fiduciarius,
706 3023 827 3078 absentia
850 3024 876 3076 ei
893 3023 1013 3076 maximo

191 3115 281 3175 potest
292 3123 352 3159 esse
367 3111 569 3177 emolumento,
582 3127 637 3163 nec
649 3121 707 3164 tum
725 3114 842 3174 nociva,
860 3109 883 3162 si
903 3111 949 3162 rel
967 3109 1016 3160 tri·

190 3187 243 3240 ltus
259 3190 450 3256 praesentibus
462 3193 554 3243 simile
566 3195 631 3262 quid
643 3195 791 3247 moriturus
800 3194 1014 3263 imperitarerit;

193 3275 265 3327 ratio
279 3272 362 3342 hujus
375 3273 547 3328 differentiae
561 3278 687 3331 consistit
700 3280 727 3330 in
742 3295 775 3332 eo
785 3321 793 3344 ,
804 3281 936 3348 quoniam
950 3277 1015 3328 leae-

191 3358 278 3410 resin
292 3355 412 3410 absentia
427 3373 480 3408 non
495 3361 679 3428 praesumitur
698 3364 854 3412 consentire
873 3360 947 3413 selle
966 3376 1014 3411 ro-

193 3441 291 3495 lnntati
310 3440 450 3504 defuncti,
469 3442 521 3493 nisi
542 3459 595 3510 qua
613 3444 761 3509 solemnis,
782 3445 826 3496 ael
846 3446 909 3514 jure
927 3441 1015 3495 subsi-

120 3519 157 3572 55
193 3531 277 3576 stens.
290 3525 323 3576 tt
336 3540 416 3577 secus
429 3539 459 3575 se
472 3541 514 3578 res
529 3523 612 3577 ltabet
626 3543 687 3577 cnm
700 3527 856 3595 praesenti,
869 3527 916 3596 qui
926 3536 1015 3578 tacen-

195 3605 230 3658 do
244 3616 270 3659 et
284 3607 471 3676 acceptando,
485 3610 559 3676 quod
571 3608 634 3660 fidei
654 3625 720 3660 suae
738 3611 931 3676 committitur,
950 3627 1015 3662 con-

194 3693 296 3744 sentire
310 3693 385 3745 aelle
398 3693 552 3745 censendus
566 3703 620 3757 est,
638 3693 666 3744 in
686 3697 877 3747 executionem
890 3697 1016 3749 nolunta-

195 3777 240 3828 tis.
255 3776 330 3830 Alias
345 3779 416 3829 enim
430 3780 530 3849 procul
545 3777 630 3830 dubio
643 3779 869 3843 contradixisset,
883 3793 907 3836 et
920 3797 949 3834 se
968 3799 1016 3851 op·

196 3863 333 3930 posuisset
346 3863 483 3915 mandato.
497 3861 564 3914 lnde
577 3861 649 3914 iacto
659 3866 773 3932 propriu
782 3868 956 3936 semetipsum
972 3866 1017 3918 laic

198 3945 349 4014 obligarit,
363 3947 414 3998 ille
433 3956 522 3999 autern
536 3948 627 4015 legum
641 3945 811 4016 ohligutiunc
823 3949 954 4003 liberatus
961 3950 1017 4020 ,l'a-

200 4040 244 4083 cto
258 4031 349 4082 alieno
364 4031 494 4100 adstringi
509 4032 615 4098 nequit.

127 4113 165 4170 56
234 4113 364 4183 Denique
377 4125 508 4168 exserunt
520 4131 549 4166 se
562 4115 673 4166 ultimae
686 4114 835 4168 voluntatis
849 4123 924 4168 aelus
937 4118 1017 4170 etiam

201 4196 229 4250 in
243 4196 437 4250 donationibus
456 4197 552 4249 mortis
572 4215 671 4264 causa,
687 4200 708 4252 l.
728 4217 782 4252 ιιοιι
803 4199 916 4254 videtur.
927 4201 968 4272 ffi
984 4203 1019 4254 de

124 4283 161 4352 57
198 4278 267 4338 don.
287 4295 367 4338 mort.
387 4297 466 4339 cous.
487 4283 695 4335 Constituantur
713 4283 823 4352 quidem
840 4301 889 4353 per
907 4286 1018 4336 modum

199 4375 372 4432 contractus,
394 4375 508 4419 ettamen
528 4368 683 4434 rolentper
701 4366 812 4418 modurn
834 4367 926 4435 legati.
945 4369 1017 4419 Hinc

198 4451 264 4516 illa,
283 4469 354 4520 quae
375 4451 409 4502 ad
429 4461 588 4504 contractus
606 4449 740 4503 ineundus
758 4452 951 4518 requiruntur,
972 4451 1019 4505 hic

202 4553 313 4606 quoque
327 4533 453 4589 adhiberi
468 4545 592 4604 oportet,
613 4537 648 4587 ita
661 4545 768 4601 tamen,
784 4546 813 4589 ut
824 4529 915 4605 neque
933 4539 1019 4606 negli-

201 4629 299 4692 gantur
313 4636 343 4671 ea
353 4661 361 4684 ,
373 4635 444 4688 quae
458 4621 485 4670 in
500 4619 601 4688 agenda
618 4628 643 4672 et
657 4621 845 4674 constituenda
858 4621 952 4680 ultima
971 4639 1020 4674 ro·

201 4705 305 4756 luntate
317 4704 466 4771 exiguntur
478 4703 667 4769 observanda,
678 4701 758 4755 Balal.
771 4705 800 4757 in
816 4706 837 4757 l.
850 4723 913 4758 cum
930 4707 970 4760 tt.
990 4721 1016 4760 a.

200 4783 237 4841 cie
248 4793 385 4840 transact.
399 4786 515 4840 Corarr.
527 4805 555 4858 p.
571 4785 597 4838 3.
612 4786 640 4840 iat
655 4784 728 4842 rubr.
742 4784 981 4844 detestamentm.
991 4805 1017 4844 a.

126 4873 163 4924 55
199 4877 226 4925 et
236 4867 279 4924 23.
292 4867 416 4922 Stranch.
429 4866 542 4925 dissert.
559 4872 585 4921 8.
598 4869 624 4942 5.
639 4869 684 4922 23.
697 4869 813 4924 Deianiri
829 4875 899 4926 solet
917 4891 966 4945 per
985 4877 1017 4927 li·

203 4955 393 5017 beralitstetn,
405 4971 477 5023 quae
489 4957 517 5007 in
530 4966 657 5009 eremum
671 4969 814 5012 secuturae
825 4959 1018 5013 mortiscoram

202 5043 228 5095 5.
241 5039 355 5094 testibus
368 5041 396 5090 in
409 5042 621 5096 consentientem
631 5052 655 5095 et
666 5053 851 5112 acceptantem
864 5045 1019 5117 contestor,

128 5119 163 5189 59
201 5127 222 5180 l.
238 5140 265 5175 a.
281 5125 328 5176 32.
343 5125 364 5175 t.
379 5121 424 5176 35.
436 5122 463 5196 5.
478 5139 504 5176 a.
515 5125 557 5197 ff
573 5127 607 5179 cle
626 5134 705 5180 mort.
725 5143 802 5182 cous.
822 5129 917 5183 donat.
936 5123 1019 5184 Unde

201 5209 279 5264 multi
291 5209 307 5259 J
311 5215 417 5260 olorum
429 5208 505 5258 illam
514 5208 663 5261 alitersreri
672 5225 726 5260 non
735 5218 915 5280 posseputaut
923 5215 1019 5280 ,qnam

200 5295 222 5345 si
239 5307 368 5362 praesens
381 5294 519 5360 praesenti
533 5292 638 5361 aliquid
653 5292 751 5359 donet,
771 5293 855 5362 idque
867 5303 980 5363 propter
997 5294 1018 5345 t.

200 5378 272 5432 inter
284 5377 380 5430 mortis
392 5391 490 5430 causa.
505 5375 590 5446 38.sp
605 5377 638 5430 de
649 5377 742 5434 donat.
763 5391 843 5432 mort.
862 5393 939 5432 urus·
951 5375 1018 5429 Scla-

201 5462 318 5517 neidew.
331 5460 357 5534 5.
374 5479 399 5515 ι.
412 5463 437 5516 J.
451 5463 486 5516 de
495 5463 557 5516 tion.
570 5481 599 5516 n.
615 5465 659 5528 24.
670 5465 784 5520 Corarr.
794 5461 855 5518 rub·
867 5466 1018 5518 detestum.

199 5563 262 5616 par.
276 5545 300 5602 3.
317 5565 347 5600 ιι.
367 5545 407 5599 ιθ.
418 5544 474 5600 lln.
489 5545 595 5600 Brunn.
611 5550 650 5603 cd
659 5551 686 5605 d.
701 5548 895 5602 t.38.13m01.
916 5548 978 5602 inl.
995 5564 1019 5598 ι.

194 5627 235 5700 ffi
248 5628 536 5686 ..aucturetatis
551 5631 577 5704 5.
595 5649 619 5686 ι.
629 5633 654 5706 j·
668 5635 695 5690 lt.
715 5641 736 5691 t.
757 5633 850 5689 datto
863 5631 968 5706 Papae,
988 5633 1018 5691 t'n

326 5715 430 5786 satyrii
451 5716 514 5786 Vol·
533 5717 586 5774 tr.

1056 604 1140 652 vero,
1153 590 1285 655 quoniam
1299 588 1347 638 illa
1357 589 1510 656 acceptatio
1522 603 1576 639 uon
1588 591 1711 642 consistit
1724 591 1751 642 in
1764 591 1857 645 serbis
1864 633 1873 659 ,

1056 689 1108 724 nec
1119 673 1236 742 amplius
1251 674 1278 722 in
1291 672 1486 739 stipulatione,
1505 672 1525 723 l.
1538 674 1564 726 si
1574 673 1637 743 puis
1656 680 1809 744 argentum.
1829 673 1873 729 35.

1056 773 1082 810 c.
1096 757 1232 809 dedonat.
1248 757 1277 809 in
1291 758 1311 811 1.
1324 767 1481 824 cumpater.
1492 771 1535 825 Π.
1549 755 1574 826 5.
1589 755 1768 827 Mevio.6.ffi
1776 759 1873 830 deleg.

1057 857 1083 892 a.
1098 838 1223 891 sichard.
1237 839 1275 892 od
1283 855 1325 907 pr.
1339 855 1365 890 c.
1379 839 1521 906 depactis.
1535 857 1566 891 ιι.
1579 854 1624 892 ar.
1643 839 1746 895 tttetch.
1768 839 1874 897 retae..

1058 940 1073 975 a
1087 924 1179 975 Mersa
1192 919 1228 974 de
1241 921 1339 990 major.
1351 921 1420 992 disp.
1434 941 1460 988 p.
1478 939 1502 975 ι.
1516 943 1543 994 q.
1558 921 1600 976 ³5.
1616 941 1647 975 ιι.
1658 941 1685 995 p.
1700 924 1746 975 sed
1759 927 1786 974 iu
1799 925 1873 976 nudo
1892 935 1895 942 ’
1910 913 1940 968 fit

1059 1021 1210 1070 consensus
1223 1021 1254 1055 ea
1267 1014 1371 1069 autem,
1385 1020 1456 1071 quae
1469 1021 1519 1073 per
1537 1021 1701 1058 consensum
1720 1007 1801 1072 liunt,
1816 1010 1875 1075 ejus

1059 1101 1120 1143 sunt
1132 1099 1256 1153 naturae,
1268 1098 1294 1140 ut
1309 1099 1334 1140 et
1348 1104 1397 1156 per
1413 1090 1498 1140 alium
1513 1089 1637 1158 expediri
1649 1092 1757 1142 valeant
1765 1134 1775 1159 ,
1785 1107 1835 1162 pet·
1853 1091 1874 1143 l.

1059 1172 1130 1244 2.sp
1144 1167 1281 1226 mitari.
1294 1173 1315 1223 1.
1319 1173 1351 1242 s
1355 1171 1393 1240 st
1406 1172 1439 1225 de
1451 1175 1575 1240 sponsal.
1590 1182 1615 1226 et
1628 1175 1875 1243 superiusjatutra-

1059 1259 1125 1310 dita.
1139 1259 1286 1328 Sequitur,
1302 1259 1484 1326 praesentiam
1499 1256 1544 1309 hic
1557 1257 1625 1310 adeo
1638 1261 1731 1312 stricte
1743 1275 1797 1311 uon
1818 1276 1875 1314 csse
1911 1256 1946 1310 62

1059 1343 1246 1412 accipiendam
1261 1358 1311 1413 pro
1326 1342 1467 1412 corporali
1482 1341 1652 1396 subsistentia
1667 1343 1753 1414 ipsius
1765 1345 1875 1399 donata·

1062 1427 1096 1479 rii
1111 1428 1137 1476 iu
1149 1428 1257 1496 specie,
1268 1426 1315 1479 sed
1329 1441 1459 1496 praesens
1471 1425 1564 1478 itidem
1579 1427 1630 1479 erit
1649 1443 1700 1494 per
1719 1429 1875 1498 epistolam,

1060 1511 1191 1562 nuncium
1206 1519 1250 1560 aut
1261 1518 1469 1578 procuratorem
1480 1508 1763 1576 specialemandatutu
1775 1509 1877 1562 haben·

1058 1603 1128 1658 tem,
1142 1595 1264 1645 Huttom.
1281 1595 1301 1646 l.
1316 1593 1342 1647 8.
1356 1595 1413 1646 obs.
1426 1597 1467 1646 ιδ.
1477 1595 1497 1646 l·
1507 1591 1600 1657 4-obs.
1610 1593 1653 1646 all.
1666 1591 1790 1645 Strauclt.
1803 1594 1873 1664 disp.

1062 1677 1087 1729 8.
1101 1677 1126 1749 5.
1141 1679 1187 1728 23.
1200 1679 1289 1730 Wiss.
1305 1676 1372 1748 disp.
1385 1675 1428 1746 39.
1440 1674 1464 1746 5.
1483 1691 1525 1745 ¹7·
1538 1673 1664 1727 Bachor.
1678 1675 1717 1728 aei
1729 1687 1764 1728 tr·
1784 1679 1836 1732 sot.
1848 1692 1875 1728 a.

1058 1765 1129 1830 disp.
1148 1779 1189 1834 tp.
1204 1763 1242 1815 tlt.
1258 1779 1283 1832 9.
1297 1762 1319 1814 1.
1334 1779 1360 1812 o.
1374 1759 1474 1827 Carpe.
1485 1777 1512 1828 p.
1528 1758 1555 1808 5.
1569 1776 1592 1810 e.
1611 1775 1635 1810 r.
1648 1758 1675 1811 d.
1690 1758 1734 1809 35.
1746 1771 1772 1811 et
1783 1759 1822 1811 t'dt'
1835 1760 1878 1813 ul·

1060 1851 1155 1918 legati.
1169 1847 1242 1899 Hinc
1254 1843 1521 1908 rectissime,llahn.
1531 1842 1564 1894 ad
1575 1844 1656 1896 Wes.
1668 1844 1875 1898 «temeramus.
1911 1843 1945 1897 55

1058 1931 1127 1986 don.
1142 1933 1218 1988 verb.
1233 1935 1317 1987 etium
1328 1928 1586 2000 perprocur.dicit,
1600 1937 1771 1996 praesentem
1784 1928 1811 1978 in
1824 1943 1880 1980 ma·

1058 2017 1126 2073 teria
1140 2018 1296 2069 donationis
1308 2011 1680 2084 dupliciterintelligendum
1695 2029 1768 2076 esse,
1779 2027 1879 2082 corpo·

1059 2118 1090 2154 re
1104 2110 1129 2153 et
1143 2104 1251 2163 animo,
1266 2102 1286 2152 l.
1301 2099 1397 2151 etium.
1417 2098 1443 2162 4.
1459 2099 1479 2150 l.
1493 2097 1613 2151 absenti.
1629 2113 1672 2148 to.
1685 2097 1720 2150 de
1730 2095 1826 2150 donat.
1843 2099 1877 2149 il·

1060 2186 1113 2236 lam
1134 2182 1298 2250 aliquando,
1317 2181 1386 2232 hanc
1404 2190 1496 2232 autem
1514 2193 1654 2246 nunquam
1672 2175 1769 2230 abesse
1787 2193 1876 2247 possa.

1059 2271 1135 2322 Idem
1149 2283 1263 2338 quoque
1277 2267 1372 2335 probat
1388 2265 1485 2317 Mettis.
1500 2263 1534 2314 de
1553 2259 1649 2315 alilict.
1660 2262 1719 2314 dec.
1731 2259 1879 2330 275.Licet
1913 2268 1947 2336 6⁴

1062 2355 1133 2406 enim
1148 2352 1261 2405 donatio
1279 2349 1429 2402 seeundum
1450 2348 1524 2400 haenc
1543 2346 1648 2398 absenti
1667 2345 1738 2399 laeta
1758 2361 1814 2396 non
1833 2364 1880 2397 ra·

1061 2441 1132 2503 leat,
1152 2448 1259 2502 tamen,
1279 2435 1301 2487 si
1322 2436 1368 2488 illa
1389 2432 1494 2486 absenti
1511 2435 1546 2490 ait
1565 2432 1717 2496 notificata,
1741 2439 1766 2483 et
1788 2429 1880 2499 coepit

1063 2523 1262 2592 possessionem
1278 2519 1319 2572 rei
1333 2519 1572 2584 donatae,transit
1584 2516 1736 2568 dominium
1747 2517 1774 2567 in
1788 2515 1878 2584 ipsum

1062 2609 1246 2662 donaturium.
1260 2603 1330 2656 aad.
1341 2603 1422 2655 Beld.
1436 2604 1465 2656 in
1484 2605 1504 2655 l.
1518 2601 1671 2656 sancimus.
1685 2617 1712 2654 c·
1725 2601 1758 2654 de
1768 2605 1880 2654 testum.

1062 2693 1137 2764 quod
1151 2693 1230 2746 etiam
1245 2693 1272 2742 in
1285 2697 1449 2744 testamento
1463 2688 1557 2738 valere
1571 2687 1629 2740 ault
1640 2685 1712 2736 idern
1726 2681 1823 2738 litant,
1842 2682 1878 2734 de

1063 2775 1165 2832 titillet⁴
1179 2795 1228 2844 per
1240 2779 1261 2829 t.
1273 2774 1299 2828 ai
1312 2775 1386 2833 acia.
1398 2793 1423 2828 e.
1436 2771 1540 2842 dejure
1550 2770 1634 2824 desit.
1657 2769 1714 2822 aid.
1729 2765 1878 2819 ttetcttoe.

1065 2862 1162 2914 Pelaea
1184 2881 1198 2914 a
1211 2863 1305 2912 Meres
1318 2857 1355 2913 de
1363 2858 1460 2928 iunior.
1474 2857 1546 2926 disp.
1556 2873 1584 2920 p.
1599 2871 1621 2904 t.
1635 2871 1661 2926 q.
1677 2852 1720 2905 36.
1733 2873 1763 2906 n.
1775 2851 1819 2904 26.
1834 2867 1878 2924 ²7·
1917 2853 1951 2908 65

1065 2945 1195 3015 quoniam
1215 2943 1374 2996 donatarius
1390 2945 1450 3010 ipso
1463 2939 1534 2992 lacto
1552 2941 1592 2990 sic
1612 2937 1737 2989 donantis
1758 2937 1881 2988 solunte-

1063 3041 1117 3084 tem
1131 3031 1241 3083 ridetur
1254 3027 1424 3097 approhare,
1445 3034 1470 3076 et
1488 3025 1617 3076 «lunatum
1638 3027 1798 3089 acceptare,
1815 3019 1882 3070 licet

1064 3118 1223 3187 specialiter
1237 3124 1263 3167 et
1276 3103 1406 3182 expresse
1417 3127 1471 3163 non
1484 3111 1573 3174 dicat,
1587 3106 1660 3176 qnod
1679 3113 1816 3174 acceptet,
1830 3102 1881 3155 Pe·

1064 3205 1133 3256 laea.
1146 3219 1171 3253 c.
1186 3203 1207 3252 l.
1220 3217 1250 3252 n.
1260 3197 1303 3252 80.
1314 3213 1375 3247 cum
1390 3195 1541 3263 acceptatio
1555 3194 1609 3260 jam
1623 3185 1880 3243 inducaturexsulr·

1064 3293 1155 3339 secuta
1169 3283 1343 3354 possessione
1356 3296 1448 3331 rernm
1462 3277 1638 3340 donatarum,
1651 3273 1730 3325 Bald.
1749 3273 1780 3326 in
1796 3274 1816 3326 l.
1831 3287 1882 3326 nen

1061 3369 1173 3440 ambigi.
1188 3387 1211 3422 c.
1225 3365 1263 3420 de
1274 3363 1375 3418 donat.
1387 3363 1456 3414 lnde
1468 3377 1523 3413 non
1533 3372 1614 3430 puto,
1625 3359 1761 3428 prolixam
1770 3355 1882 3408 hicme·
1915 3352 1950 3406 66

1065 3455 1119 3507 reri
1140 3451 1356 3515 discussionem,
1375 3465 1407 3500 an
1435 3463 1468 3500 ex
1491 3447 1550 3500 sola
1570 3444 1725 3513 praesentia
1744 3441 1880 3493 donatarii

1063 3553 1125 3590 curu
1138 3535 1320 3588 taciturnitate
1332 3533 1493 3601 conjuncta,
1509 3546 1659 3583 consensus
1672 3526 1770 3580 inferri
1780 3525 1881 3595 possit,

1064 3637 1125 3674 euna
1142 3635 1174 3671 ex
1189 3619 1247 3670 sola
1261 3618 1375 3669 scientia
1394 3616 1506 3667 donatio
1518 3624 1657 3685 acceptata
1672 3629 1732 3664 esse
1742 3609 1882 3682 praesumi

1063 3703 1174 3764 debeat,
1187 3702 1314 3754 Aretinus
1327 3702 1356 3753 in
1372 3701 1393 3752 l.
1408 3699 1455 3772 gui
1469 3699 1589 3753 absenti.
1603 3717 1633 3750 ιι.
1646 3695 1720 3767 (pff
1731 3693 1881 3765 decoquit.

1062 3803 1135 3856 poss.
1150 3785 1241 3837 Guido
1255 3785 1346 3854 Papae
1364 3784 1464 3838 consil.
1483 3782 1518 3833 23
1544 3800 1575 3834 ιι.
1599 3781 1639 3833 ι8.
1653 3779 1758 3834 Melch.
1774 3779 1880 3831 Petaso.
1918 3765 1951 3838 fit

1065 3873 1183 3924 arderes
1195 3871 1245 3923 ct't.
1261 3870 1281 3922 l.
1294 3887 1324 3922 ιι.
1338 3867 1383 3918 53.
1399 3883 1461 3918 cum
1477 3866 1630 3917 innumeris
1643 3863 1682 3914 ibi
1698 3861 1838 3931 attegntss
1854 3861 1881 3910 in

1064 3955 1188 4010 terminis
1196 3953 1381 4021 quaestionem
1391 3959 1564 4021 praesentem
1577 3958 1672 4001 eontra
1683 3945 1837 4014 'l'iraquell
1850 3945 1880 3997 ιἰι

1066 4040 1086 4091 l.
1096 4040 1122 4091 si
1133 4055 1264 4108 unquam.
1277 4053 1303 4089 c.
1317 4035 1350 4088 de
1363 4053 1449 4089 revoc.
1463 4036 1557 4088 donat.
1568 4033 1642 4087 verb.
1655 4032 1775 4086 libertis.
1789 4047 1819 4084 n.
1833 4027 1878 4092 54.

1066 4120 1183 4173 alsarrnat
1201 4117 1317 4172 Curari.
1336 4121 1382 4172 cit.
1405 4119 1532 4189 l.n.19.
1552 4116 1680 4170 Sicltard.
1701 4115 1739 4169 ad
1752 4131 1794 4180 pr.
1808 4132 1830 4166 c.
1851 4113 1883 4168 de

1065 4215 1137 4276 pact.
1152 4223 1181 4258 n.
1196 4219 1241 4257 at.
1255 4203 1335 4256 Bald.
1350 4205 1381 4256 in
1395 4204 1415 4254 l.
1429 4203 1511 4255 illud.
1525 4219 1549 4255 c.
1559 4203 1642 4255 desa.
1654 4201 1723 4252 eccl.
1739 4215 1790 4250 nec
1804 4195 1881 4248 aliud

1067 4300 1142 4343 extra
1156 4290 1337 4358 praesentiam
1352 4297 1377 4340 et
1391 4269 1599 4356 intelligentiam
1612 4283 1729 4352 requirit
1741 4281 1838 4334 Glossa
1851 4281 1880 4332 in
1917 4265 1951 4320 5⁸

1070 4376 1090 4427 i.
1105 4374 1151 4444 qui
1162 4376 1277 4441 patitur.
1294 4369 1381 4442 rdffi
1395 4369 1488 4421 mund.
1504 4369 1548 4418 cui
1563 4369 1714 4420 sententiae
1727 4375 1753 4420 et
1771 4382 1820 4418 nos
1833 4363 1880 4417 laic

1068 4457 1283 4524 adstipulamur,
1303 4453 1440 4522 siquidem
1457 4451 1534 4504 nulla
1554 4451 1623 4504 ratio
1642 4449 1700 4504 dat-i
1713 4458 1814 4518 potest,
1831 4466 1882 4501 cur

1066 4550 1161 4594 tacens
1178 4538 1330 4590 censendus
1343 4539 1378 4589 sit
1391 4553 1445 4587 non
1459 4535 1534 4590 selle
1545 4536 1699 4588 consentire
1711 4537 1739 4587 in
1753 4535 1795 4586 aui
1809 4533 1880 4586 utili·

1066 4633 1156 4676 tatem.
1169 4622 1232 4675 Vid.
1248 4638 1319 4689 quae
1331 4619 1381 4672 hac
1396 4619 1430 4671 de
1444 4633 1475 4672 re
1486 4617 1546 4670 luse
1560 4619 1727 4687 supradicta
1745 4627 1807 4670 suut
1820 4633 1880 4685 cap.

1068 4707 1132 4760 ιἰιιο.
1146 4704 1228 4757 ttiud
1241 4713 1328 4768 esset,
1342 4703 1364 4756 si
1380 4703 1407 4753 in
1423 4703 1464 4756 sui
1479 4703 1679 4772 praejudicinm
1690 4703 1756 4772 quid
1768 4715 1882 4756 eonsen-
1917 4689 1951 4761 ⁶9

1067 4791 1134 4843 sisae
1148 4788 1378 4859 praesumendum
1392 4786 1478 4850 iorem
1498 4786 1565 4840 ltine
1583 4803 1639 4839 nun
1658 4797 1750 4857 posset
1767 4787 1823 4840 dici
1842 4786 1881 4838 l'a·

1068 4887 1140 4928 ctum
1154 4874 1292 4926 donatoris
1304 4880 1474 4943 praesentem
1488 4871 1658 4925 donatarium
1669 4871 1822 4944 approbare
1834 4889 1883 4924 ro·

1069 4957 1168 5024 luisse,
1180 4957 1203 5008 si
1215 4956 1331 5009 donator
1341 4958 1400 5021 ejus
1413 4972 1486 5022 rem,
1497 4971 1523 5008 e.
1536 4973 1562 5024 g.
1576 4957 1704 5021 domum,
1717 4955 1880 5024 Sempronio

1067 5056 1117 5110 per
1128 5039 1246 5106 legatum
1255 5039 1300 5092 vel
1308 5037 1550 5091 fideicommissum
1564 5040 1738 5108 reliquisset,
1751 5039 1882 5108 quoniam

1066 5123 1219 5195 praeseutia
1231 5123 1308 5176 illins
1320 5161 1327 5188 ,
1340 5123 1418 5191 eujus
1431 5139 1476 5176 res
1490 5138 1540 5191 per
1550 5122 1882 5184 fideicommissumtelin·

1068 5209 1173 5276 quitur,
1186 5219 1241 5254 non
1256 5203 1361 5258 inducit
1375 5220 1555 5266 consensum,
1567 5204 1731 5258 Alexander.
1745 5221 1821 5258 cons.
1835 5219 1879 5256 ao.

1069 5310 1096 5345 ιι,
1112 5307 1154 5341 ιι.
1168 5288 1218 5344 lib.
1232 5287 1258 5339 3.
1268 5305 1319 5357 per
1335 5289 1356 5339 l.
1377 5286 1522 5359 Gaianffi
1536 5285 1573 5341 de
1588 5287 1696 5356 pignos.
1716 5301 1769 5341 oct.
1789 5299 1816 5340 et
1833 5305 1882 5340 no·

1068 5385 1129 5426 tuta
1140 5371 1170 5426 ira
1182 5372 1202 5423 l.
1215 5371 1370 5442 fidejussor.
1385 5370 1411 5441 5.
1423 5371 1555 5440 potenff
1573 5371 1634 5439 depi
1646 5377 1720 5440 grant.
1740 5371 1847 5422 Pelaea.
1865 5389 1880 5423 a

1068 5457 1160 5508 ltleres
1171 5455 1220 5512 cita
1230 5473 1258 5524 p.
1276 5472 1300 5506 ι.
1312 5469 1340 5526 q.
1353 5451 1397 5505 23.
1412 5473 1442 5508 ιι.
1456 5453 1501 5508 85.
1513 5456 1594 5522 Atqui
1610 5453 1677 5506 haec
1690 5453 1882 5522 pertinuerunt

1069 5540 1102 5593 ad
1123 5539 1304 5592 donaturiutn.
1327 5535 1370 5588 lle
1391 5535 1524 5592 donatore
1551 5546 1640 5588 antem
1658 5536 1801 5588 sciendum
1823 5546 1881 5602 est,
1919 5551 1952 5604 po

1070 5625 1157 5699 ipsius
1169 5621 1350 5699 praesentiam
1359 5619 1880 5694 propriedictamsummeuecessariam
