4396 6286
178 289 228 362 sit

582 281 720 356 curans
739 275 936 337 concursu
953 276 1018 334 tus
1037 271 1153 330 cruta
1171 267 1320 332 sunnis

1704 275 1758 326 250

126 389 281 461 permanent
291 419 301 450 ,
313 395 351 436 aa
368 375 495 433 omnibns
513 375 618 445 iuribus
634 394 665 428 ae
682 374 833 447 privilegiis
851 387 940 424 eorum
991 369 1041 424 lito
1059 369 1205 438 juramento
1220 368 1345 422 decenter
1358 365 1558 439 constringant,
1574 373 1600 423 ‘et
1613 369 1651 426 sie
1664 368 1813 426 taentrateu

126 480 234 528 atnotur
246 475 327 538 atque
340 465 480 530 fruuntur,
500 463 596 532 Mylae.
610 463 642 516 ab
655 458 815 514 Ehrenbacb
828 456 876 512 att.
890 457 942 510 loe.
991 453 1059 526 ipsis
1078 453 1236 523 largientur,
1257 453 1307 506 hcc
1324 454 1366 522 jos
1386 454 1532 506 notariatus
1550 454 1580 508 in
1598 455 1690 527 quas-is
1709 456 1820 528 imperii

127 575 152 610 a.
173 569 198 612 ι.
215 566 241 610 ιι
258 554 288 608 in
309 551 477 622 appeuoicg.
501 565 560 615 cop.
585 557 629 599 ιι.
648 564 677 600 u.
697 555 722 596 ι.
740 544 810 597 etsi
830 542 941 596 titulum
992 551 1068 611 parte
1088 539 1259 610 imperatoria
1278 537 1433 591 auctoritate
1451 541 1602 596 exercendi.

23 669 24 672 ¹
125 659 154 696 ae
172 639 278 710 insigna
298 653 381 706 aeque
399 633 507 704 seipse
530 630 724 703 primogenitus
749 630 872 683 retinent
893 643 938 696 ap·

1027 625 1062 677 Et
1080 624 1129 678 boc
1148 624 1237 696 ipsum
1256 624 1295 677 ita
1312 624 1473 691 generaliter
1492 629 1612 697 procedit
1631 627 1661 680 iu
1679 629 1817 695 omnibus,
1858 635 1888 676 ιι

125 723 273 797 ganagiati,
291 721 362 792 quod
383 727 445 790 post
464 716 619 771 Rosentbai.
638 711 761 783 deseud·
773 731 798 766 e.
820 723 845 764 ι.
857 712 942 764 ιοιιι.
994 709 1093 780 quibus
1110 709 1242 778 ejusmodi
1262 719 1376 780 potestas
1394 708 1427 761 ab
1447 709 1607 782 imperatore
1627 730 1749 766 concessa
1762 730 1819 766 esse

125 822 166 864 ιι.
181 827 210 863 ιι.
230 817 274 862 ιι.
287 805 384 860 asserit
403 821 490 872 magn.
508 801 555 855 dn.
574 803 666 856 Praes.
684 799 716 854 iu
735 817 780 852 es·
796 793 944 868 junseud.
993 795 1083 848 doceri
1102 804 1204 866 potest;
1222 795 1270 848 alii
1289 795 1388 864 igitur,
1401 795 1500 865 quibus
1515 795 1613 851 tributa
1629 797 1691 850 talis
1705 809 1819 869 potestas

23 865 24 878 ἵ
124 911 145 948 ι.
167 905 208 946 ιι.
225 911 271 962 qu·
292 900 336 943 ιι.
362 887 435 941 etin
458 896 493 939 tr.
519 886 552 940 de
575 899 692 938 success.
711 883 748 938 ab
766 881 857 934 intest.
876 897 898 932 e.
920 889 944 929 ι.
994 897 1048 934 non
1067 891 1119 945 est,
1138 898 1187 934 neo
1204 897 1263 934 cera
1282 881 1361 932 rubra
1381 881 1419 934 uti
1434 891 1576 951 poterunt,
1595 881 1650 934 nisi
1677 881 1821 952 imperato·

122 988 174 1034 art.
192 987 217 1029 ι.
236 982 259 1039 ς.
281 973 407 1043 inquid
433 969 611 1044 prohibebit,
636 987 689 1041 quo
715 967 807 1022 minus
824 975 852 1020 et
868 981 945 1018 cerae
994 982 1024 1018 re
1042 966 1082 1021 rel
1100 965 1223 1036 principe
1241 965 1394 1036 specialiter
1412 966 1584 1019 concedente.
1603 966 1674 1020 Sane
1698 969 1820 1022 civitates
1859 1005 1890 1046 ω

122 1063 214 1118 mbrae
231 1077 309 1115 usum
328 1059 426 1114 iisdem
446 1059 570 1111 relietum
589 1071 647 1111 esse
665 1053 758 1108 dicere
780 1051 921 1124 possimus.
994 1051 1053 1103 sine
1069 1049 1244 1106 distinctione
1261 1051 1419 1121 regulariter
1437 1051 1550 1105 viridem
1570 1069 1656 1105 cerum
1677 1051 1819 1118 adhibent,

156 1148 310 1215 Sequuntur
328 1145 382 1212 jam
394 1141 505 1195 comites
517 1140 639 1210 imperii,
653 1139 696 1192 die
711 1136 944 1207 Reicies-Grcseu,
994 1135 1032 1188 uti
1055 1135 1084 1188 in
1103 1135 1201 1204 sigillis
1220 1134 1339 1189 oiritutia
1358 1134 1575 1200 brunsnieeusis,
1594 1135 1821 1201 stralsundeusis,

122 1233 182 1298 qai,
199 1232 262 1287 lieet
281 1229 349 1284 alias
367 1227 501 1298 dignitate
519 1224 651 1296 gaudeant
674 1223 785 1276 ducibus
809 1222 945 1291 prosimu,
994 1230 1155 1274 serrestanae
1175 1220 1340 1289 aliarumque
1365 1235 1478 1272 numero
1503 1219 1704 1271 innumerarum
1730 1219 1821 1272 sidere

120 1332 176 1369 cera
194 1319 276 1371 rubra
295 1327 384 1371 tamen
407 1313 554 1385 diplomata
571 1327 617 1364 sus
640 1308 784 1378 obsignare
808 1307 877 1361 hand
901 1325 945 1364 so-

121 1402 190 1466 leat,
210 1401 267 1456 uisi
284 1397 396 1471 speciali
411 1397 555 1469 privilegio
567 1394 744 1468 praemunitis
755 1396 878 1465 exemplo
891 1395 947 1448 siut

996 1313 1058 1357 ιιι.
1084 1301 1162 1374 Quod
1186 1319 1240 1356 non
1266 1303 1299 1357 de
1324 1304 1536 1374 municipalibus
1561 1313 1685 1369 tanttsm,
1711 1306 1759 1358 sed
1785 1304 1817 1358 de
1852 1298 1881 1340 ³¹

995 1387 1063 1458 ipsis
1081 1387 1161 1442 etiam
1182 1386 1369 1458 imperialibus
1388 1388 1540 1443 civitatibus
1559 1403 1650 1441 rerum
1670 1403 1729 1441 esse
1746 1400 1823 1459 puto,
1856 1453 1860 1460 ¹

121 1483 229 1539 comites
247 1481 433 1545 mensieldiei,
452 1480 483 1532 bi
500 1479 574 1534 euim
593 1478 676 1534 riridi
689 1478 755 1532 clins
768 1493 827 1532 eera
840 1495 946 1552 semper
993 1452 1115 1543 quamtis
1132 1473 1207 1526 enim
1227 1472 1277 1526 hae
1304 1475 1364 1540 jura
1390 1473 1542 1544 principum
1570 1471 1666 1526 babere
1688 1471 1823 1538 dieantur,

122 1570 160 1622 usi
177 1577 260 1637 aunt,
280 1577 348 1622 teste
369 1565 491 1637 Speidel.
508 1581 581 1635 spec.
599 1577 660 1617 stoc.
685 1563 794 1620 Woehs.
813 1561 901 1615 himo.
926 1563 946 1616 i.
994 1577 1026 1612 ac
1045 1557 1138 1611 eadem
1158 1559 1214 1626 jura
1241 1557 1415 1629 praetendant
1442 1559 1472 1611 in
1497 1557 1553 1610 suis
1567 1557 1745 1622 districtibus,
1763 1557 1824 1626 qui-

123 1651 214 1722 s.1'ar.
232 1650 309 1722 publ.
326 1669 387 1719 cap.
409 1659 450 1702 ιι.
467 1665 493 1701 ι.
515 1659 558 1700 ιι.
575 1647 662 1701 donee
679 1646 788 1702 tandem
812 1646 944 1700 Maximi·

120 1737 205 1790 lienus
225 1737 246 1788 l.
265 1734 417 1806 imperator.
433 1750 505 1787 anno
520 1743 596 1786 test.
609 1733 715 1804 liugero
725 1729 891 1786 Mansieldae
904 1747 946 1785 eo·

122 1822 179 1875 miti
197 1835 250 1892 per
267 1817 440 1892 pririlegium
458 1817 614 1886 indulgeret,
625 1829 653 1872 ut
664 1818 840 1888 imposterum
852 1833 946 1872 omnes

122 1908 175 1978 ejus
194 1905 297 1979 posteri
317 1907 398 1959 titulo
416 1903 494 1958 deret
516 1900 752 1973 Wolrigehoismeu
769 1901 826 1967 uti,
846 1914 945 1956 etenn-

118 2001 156 2044 eta
168 2007 217 2044 sua
230 1988 358 2058 rescripte
371 1995 449 2057 atqua
462 1985 569 2040 decreta
580 1986 622 2040 rel
636 1985 760 2038 mandata
783 1987 879 2036 rubrae
903 2003 945 2038 ce·

995 1639 1044 1694 bus
1064 1641 1202 1712 principes
1222 1641 1327 1694 insuia
1347 1641 1495 1696 territoriis
1513 1652 1637 1707 utuntur,
1657 1640 1769 1696 Gail.1.
1799 1651 1826 1692 ι.

995 1741 1020 1776 o.
1042 1735 1084 1778 ιι.
1103 1743 1133 1778 ιι.
1152 1737 1177 1777 ι.
1195 1735 1222 1779 ιι
1240 1723 1273 1780 de
1289 1743 1349 1794 pac.
1377 1726 1453 1795 predi.
1480 1743 1543 1794 cap.
1570 1737 1593 1778 ι.
1613 1743 1639 1778 ι.
1666 1735 1705 1777 ιιι.
1726 1737 1751 1779 ιι
1784 1739 1824 1780 tt.

998 1810 1096 1868 liunt.
1115 1811 1148 1867 de
1168 1829 1189 1865 r.
1208 1829 1231 1866 ι.
1249 1823 1276 1866 ιι
1293 1815 1356 1868 ecel.
1376 1815 1394 1866 1.
1418 1825 1440 1866 ι.
1459 1813 1492 1866 ci.
1513 1825 1537 1865 ι.
1555 1829 1614 1879 cap.
1634 1823 1659 1864 ι.
1679 1828 1705 1864 ι.
1727 1823 1765 1862 ιι.
1785 1825 1825 1864 ιι.

996 1898 1152 1952 hortamen
1174 1905 1275 1950 tantum
1295 1897 1327 1952 de
1346 1897 1534 1966 iurisdictione
1554 1903 1579 1950 et
1597 1896 1700 1964 juribus
1718 1897 1823 1950 ratione

997 1983 1128 2037 territorii
1147 1983 1360 2054 competentibus
1379 1981 1585 2052 intelligendum
1607 1991 1661 2043 est,
1681 1983 1825 2052 inquibus

120 2092 161 2128 rae
177 2077 318 2144 signando
328 2073 502 2127 eorruborare
514 2069 599 2124 libere
610 2068 726 2140 possint,
744 2069 944 2138 spangenberg.
995 2065 1115 2120 eamdem
1133 2084 1193 2122 curn
1214 2068 1384 2139 principibus
1403 2065 1587 2138 imperialium
1604 2065 1740 2122 ciuitatum
1755 2079 1827 2140 pota·

120 2168 221 2223 ciram
239 2158 443 2231 lousseideus.
460 2177 520 2228 cap.
546 2167 605 2210 ιιι.
628 2174 655 2227 p.
688 2166 748 2208 scs.
767 2153 839 2208 coni.
859 2152 945 2224 Knip·
993 2163 1092 2205 statem
1111 2171 1168 2208 esse
1188 2157 1218 2206 in
1236 2154 1359 2209 cocleam
1377 2163 1433 2218 est,
1453 2171 1509 2208 ncn
1526 2171 1589 2209 rem
1615 2152 1648 2206 de
1667 2153 1772 2222 juribus
1792 2175 1824 2210 ae

121 2249 218 2302 achild.
237 2249 273 2303 de
289 2246 387 2316 priuil-
404 2246 459 2300 etc.
478 2243 527 2297 tit.
547 2252 572 2294 ι.
589 2259 613 2296 ι.
635 2253 676 2296 ιι.
695 2259 724 2298 rt·
747 2251 773 2292 ι.

64 2353 89 2396 ιι
152 2332 252 2404 Quoad
271 2331 388 2402 reliquos
406 2329 566 2398 dignitatum
584 2324 712 2392 ordines,
729 2323 777 2394 qui
791 2323 819 2376 in
831 2320 946 2393 imperio

995 2237 1144 2309 privilegiis
1161 2239 1357 2309 personalibuse
1376 2255 1443 2308 quae
1467 2238 1588 2310 personis
1611 2237 1766 2310 principum
1792 2240 1822 2292 ic

996 2321 1101 2390 signum
1126 2322 1269 2393 dignitatis
1294 2333 1321 2377 et
1346 2322 1512 2376 eminentiae
1538 2323 1698 2395 principalis
1722 2323 1820 2377 tributa

120 2429 211 2472 mstro
229 2416 412 2490 reperiuntur,
430 2414 503 2468 raris
522 2423 658 2467 anetarum
676 2419 774 2464 asserta
787 2416 865 2473 aaut,
885 2423 943 2474 nos,
995 2415 1080 2472 aunt,
1098 2405 1163 2461 haec
1180 2410 1254 2460 enim
1273 2407 1428 2462 eirltatibus
1454 2406 1644 2478 imperialibus
1669 2408 1824 2478 neuthgusm

120 2502 296 2571 inquantum
313 2497 374 2554 fieri
391 2497 503 2572 poterit,
521 2497 571 2550 hac
588 2496 680 2565 regula
693 2511 742 2548 nos
760 2492 946 2564 expediemusr
995 2500 1148 2562 competere
1166 2501 1310 2562 poterunt,
1327 2511 1353 2546 ι.
1371 2491 1492 2564 idingins
1512 2493 1544 2546 de
1562 2493 1718 2566 superioris.
1736 2494 1822 2546 territ.

119 2584 333 2658 quibuscamque
345 2585 381 2638 ab
400 2584 569 2653 imperatore
586 2595 716 2636 concessa
733 2589 773 2633 est
791 2579 887 2651 atique
906 2577 947 2630 di·

116 2671 210 2739 mnas
228 2687 291 2726 eum
309 2679 453 2739 potestate,
471 2667 652 2732 imperatoria
671 2665 837 2733 auctoritate
847 2665 894 2735 jur
906 2663 948 2718 di-

118 2755 212 2822 reati,
240 2756 331 2810 aliare
354 2751 532 2822 imperatoris
550 2752 617 2823 jura
641 2750 760 2820 eiusdem
785 2751 897 2803 nornine
921 2761 949 2804 ιι

118 2839 179 2906 pari
196 2839 318 2912 effectu,
344 2856 378 2894 ee
397 2839 423 2892 si
443 2838 500 2906 ipse
524 2855 559 2890 ea
582 2837 763 2900 exercuisset,
786 2837 947 2903 exercendi,

119 2925 171 2980 iilis
196 2927 286 2980 attam
311 2939 390 2980 ceree
413 2923 514 2977 rubrae
535 2920 707 2991 privilegium
730 2919 815 2974 simui
839 2938 949 2976 ιοιιιι-

118 3024 176 3063 raes
195 3023 259 3065 erse
281 3008 402 3072 ridetur,
426 3005 482 3062 nisi
497 3005 641 3061 contrariu
658 3005 854 3060 cousuetudine
872 3005 950 3061 uliud

64 3109 88 3150 tt
120 3105 258 3163 receptum
275 3093 320 3147 rit.
340 3093 436 3157 ilatio,
453 3092 516 3163 quia
536 3090 684 3163 imperator
702 3089 850 3144 concedens
867 3091 947 3146 alicui

118 3189 282 3251 potestatem
301 3189 372 3233 certa
392 3181 451 3246 jura
473 3195 520 3232 suo
550 3179 660 3232 nomine
685 3179 842 3242 exercendi,
868 3181 950 3234 simul

120 3283 228 3338 quaeque
245 3266 355 3320 medum
374 3275 453 3334 atque
470 3263 615 3327 solemnia,
633 3279 700 3333 quae
721 3263 780 3336 ipse
799 3264 827 3315 in
846 3265 950 3318 exerci-

119 3351 157 3403 tio
175 3352 294 3406 istorum
313 3349 414 3418 jurium
433 3346 563 3400 adhibere
581 3347 728 3413 consuerit,
740 3347 829 3401 eidem
843 3365 950 3403 eonces-

64 3471 89 3512 ,3
120 3435 186 3487 sisse
208 3434 406 3504 praesumitur,
427 3449 484 3501 erg.
504 3432 522 3482 i·
544 3429 618 3499 ²·ff·
638 3431 670 3485 de
683 3431 782 3503 jurisd·
805 3433 877 3485 Hine
896 3451 950 3487 non

120 3519 200 3572 nodo
221 3531 376 3588 supremum
396 3516 527 3585 judicium
545 3531 665 3569 camarae
682 3515 817 3587 spirensis
835 3535 894 3572 aera
908 3537 951 3573 ru·

121 3603 166 3655 bra
185 3602 290 3666 utitur,
310 3599 356 3654 sed
374 3615 470 3654 omnes
488 3599 570 3656 etiam
588 3600 738 3655 academiae
756 3612 850 3675 utpote
862 3613 952 3658 aucto-

120 3687 202 3740 ritate
222 3685 398 3756 imperrtoria
417 3684 544 3739 fundatae
559 3701 634 3740 ceree
652 3687 717 3739 hnic
736 3688 825 3757 sigilla
844 3705 889 3742 sua
902 3689 952 3743 im·

121 3775 262 3844 primunt,
286 3781 363 3840 prout
385 3770 419 3824 de
442 3771 603 3835 basileensi,
630 3772 773 3842 pragensi,
800 3772 951 3842 lipsiensi,

121 3857 339 3924 wittehergensi,
358 3855 482 3926 ienensi,
496 3855 649 3926 tubingensi
670 3867 696 3910 et
715 3857 868 3911 hernostus
885 3859 952 3913 ttta-

124 3941 207 3994 driaa
227 3949 333 3992 eertum
354 3947 412 4002 est,
430 3939 496 3993 add.
522 3938 670 3992 Kircbner.
690 3940 725 3993 de
749 3939 801 4009 off
827 3949 854 3993 et
877 3941 951 4011 dign.

65 4044 91 4086 ss
122 4025 241 4080 seneen.
261 4024 278 4077 i.
300 4036 323 4078 ι.
344 4042 366 4077 e·
388 4033 411 4076 ι.
430 4041 458 4074 ι.
479 4036 521 4077 ιι.
541 4023 677 4078 Similiter
694 4034 721 4077 ιι
731 4042 824 4078 omnes
838 4025 951 4080 saeuitu-

122 4121 159 4164 tes
177 4109 315 4180 joridieaa
332 4117 360 4162 et
376 4108 527 4163 scabinatus
546 4111 627 4162 etiarn
647 4125 734 4163 ceram
755 4111 862 4164 rubram
876 4111 952 4164 adhi-

121 4196 210 4260 beat,
230 4203 311 4266 prout
328 4209 363 4248 ex
381 4193 480 4248 decisis
498 4211 512 4246 s
537 4190 710 4247 facultatibus
736 4192 867 4247 dictarum
892 4213 951 4250 aea·

121 4281 275 4334 demiamm
295 4278 364 4332 datis
382 4289 407 4334 et
425 4279 562 4349 responsis
579 4295 613 4332 es
633 4277 770 4330 scabinatu
787 4280 911 4351 lipsiensi
925 4292 953 4335 et

65 4404 88 4446 η
122 4367 239 4420 hallensi
268 4363 408 4435 requisitis
427 4363 487 4434 ipse
504 4360 655 4426 observate
675 4363 748 4417 idem
768 4366 836 4431 juris
854 4378 897 4420 est
922 4367 953 4422 in

123 4451 269 4505 comitibus
288 4449 430 4522 palatinis,
450 4457 565 4502 testante
584 4451 678 4502 luban.
698 4448 843 4504 Christian.
856 4451 950 4506 vitica.

19 4523 21 4532 ¹
123 4539 187 4591 diss.
209 4538 244 4591 de
262 4535 352 4592 comit.
370 4535 457 4604 palat.
476 4531 500 4606 5.
524 4545 565 4587 ιο.
584 4551 611 4584 n.
634 4546 674 4590 ts.
701 4534 796 4587 Mund.
823 4535 857 4589 de
881 4553 951 4592 eoru.

121 4625 212 4692 paint.
230 4641 253 4675 e.
274 4633 296 4674 ι.
317 4639 347 4674 ι.
367 4631 428 4673 ιιι.
439 4627 530 4690 utpote
541 4635 654 4687 quorum
665 4615 787 4674 cilicium
801 4639 880 4691 quam
895 4625 953 4696 pln-

123 4709 195 4760 rima
213 4710 272 4776 jura
289 4701 462 4775 imperatoris
481 4703 587 4756 ratione
603 4703 729 4758 exercitii
747 4709 887 4776 conjuncta
905 4707 952 4762 ha·

123 4791 183 4858 bet,
205 4791 244 4845 oti
262 4799 325 4843 ιιιιιι
342 4791 385 4858 jus
402 4787 571 4858 legitimandi
589 4789 709 4860 spurios,
728 4789 796 4860 juris
815 4809 845 4846 ac
864 4795 951 4848 medi·

123 4877 204 4930 duae
221 4874 357 4938 doctores,
377 4873 534 4942 magistros,
552 4871 671 4927 notarios
689 4875 815 4943 creandi,
833 4879 875 4946 jus
889 4896 951 4935 eon-

123 4957 230 5014 ius-endi
246 4957 376 5027 insignia,
391 4965 419 5011 et
431 4955 482 5009 alia
501 4957 536 5014 de
551 4957 647 5027 quibus
657 4957 710 5011 aid.
726 4958 821 5018 Abasa.
833 4961 952 5022 Fritseh,

123 5043 190 5097 diss.
208 5043 244 5096 de
261 5059 331 5096 eom.
347 5040 435 5112 paint.
453 5057 524 5096 coes·
543 5040 622 5096 Cotti.
640 5039 762 5111 diploma
778 5045 953 5115 palatinam

67 5153 75 5192 2
124 5129 171 5180 dn.
193 5126 307 5179 Doridis
326 5125 453 5195 Doriugii
471 5125 536 5180 cire.
557 5126 627 5181 mad.
646 5127 704 5181 lmo
722 5140 750 5183 et
767 5133 886 5188 notarios
900 5154 950 5206 pu·

125 5211 210 5267 blicoa
228 5227 364 5266 caesareos
382 5211 479 5266 rubrae
497 5227 571 5264 cerae
583 5209 671 5278 sigilla
685 5213 830 5268 notariatus
844 5218 884 5269 sui
899 5217 951 5272 im·

125 5297 248 5368 primere
265 5294 388 5368 guothlia
405 5294 542 5360 ridemus,
562 5313 615 5349 non
635 5297 685 5351 slis
712 5309 776 5352 sane
799 5299 833 5354 de
856 5317 950 5370 causa,

125 5399 206 5452 qnam
223 5383 297 5453 quud
315 5380 349 5434 ab
367 5379 528 5451 imperatore
552 5381 577 5433 si
602 5399 656 5436 nou
682 5383 838 5440 immediate
863 5395 950 5443 tamen

996 2575 1082 2630 corel.
1099 2585 1140 2630 ιι.
1155 2581 1320 2634 Wurmeser
1332 2595 1375 2632 ιι.
1387 2578 1445 2649 jur.
1457 2577 1533 2650 pubi.
1548 2595 1593 2632 ea.
1608 2591 1631 2630 s.
1644 2579 1681 2631 td.
1699 2589 1739 2632 ιι.
1753 2581 1826 2634 iiiuc
1863 2602 1893 2644 ιι

997 2660 1092 2714 ιίιὶιιι
1112 2661 1262 2715 lubecensis
1279 2661 1366 2718 adhue
1383 2661 1464 2716 bodie
1482 2679 1542 2716 cera
1560 2660 1643 2717 riridi
1655 2673 1756 2718 tautum
1771 2665 1826 2716 uti-

998 2755 1051 2813 tur,
1063 2763 1093 2800 ιι
1106 2759 1223 2803 senatum
1236 2747 1385 2820 spirensem
1400 2749 1519 2819 sigillum
1532 2749 1630 2805 viridis
1648 2767 1724 2804 ceras
1747 2750 1822 2804 adhi-

997 2831 1086 2886 buisse
1103 2833 1176 2898 ridi,
1196 2833 1253 2888 imo
1271 2831 1300 2886 in
1318 2833 1444 2888 omnibus
1456 2835 1610 2890 civitatibus
1623 2835 1652 2888 id
1667 2838 1705 2890 ita
1718 2837 1824 2892 obtine·

998 2933 1028 2970 re
1045 2917 1121 2974 dccet
1140 2917 1315 2990 Knipsobild.
1333 2921 1367 2976 de
1382 2919 1477 2990 privii.
1497 2921 1546 2975 eir.
1572 2921 1619 2975 iii.
1648 2931 1672 2974 ι.
1697 2937 1757 2990 cap.
1785 2931 1826 2974 ιι.

997 3019 1024 3054 ι.
1043 3014 1069 3056 ι.
1088 3003 1195 3060 Βιιοιιι.
1213 3004 1248 3059 de
1265 3005 1346 3077 legat
1355 3001 1416 3075 soi.
1436 3017 1476 3059 ιι.
1489 3006 1545 3060 nisi
1559 3003 1715 3062 iortecerae
1727 3007 1823 3060 rubrae

999 3090 1197 3145 concessionem
1219 3091 1272 3144 sihi
1298 3091 1392 3145 laetum
1418 3107 1476 3144 esse
1498 3091 1614 3164 probare
1632 3077 1752 3163 possint·
1779 3091 1825 3144 Sic
1861 3106 1892 3146 ιι

998 3172 1070 3224 enim
1090 3172 1185 3227 eisitas
1204 3173 1316 3244 imperii
1336 3173 1494 3228 biberacum
1514 3175 1590 3242 ideo,
1608 3176 1679 3247 quod
1698 3177 1826 3228 Maximi·

998 3259 1071 3312 liano
1090 3258 1113 3309 l.
1126 3257 1225 3330 Brugis
1241 3279 1256 3314 a
1275 3259 1419 3314 rebellibus
1432 3259 1541 3315 detento
1561 3271 1688 3333 suppetas
1707 3262 1827 3326 miserat,

999 3363 1014 3396 a
1032 3343 1223 3398 maximiliano
1242 3344 1278 3398 li.
1296 3346 1455 3416 imperatore
1471 3346 1513 3412 ius
1531 3361 1607 3400 cerae
1624 3347 1719 3400 rubrae
1737 3363 1829 3401 conse-

999 3440 1057 3484 cuta
1074 3439 1131 3494 est,
1151 3429 1284 3502 floepiog.
1302 3431 1335 3484 de
1347 3431 1403 3500 jur.
1422 3430 1501 3503 iusig.
1514 3449 1574 3500 cop.
1595 3445 1619 3486 ι.
1638 3451 1666 3486 ιι.
1688 3444 1765 3486 ιιιι.
1780 3431 1825 3487 Si·
1866 3462 1896 3506 Η

1000 3515 1103 3568 militer
1114 3525 1141 3568 et
1154 3515 1257 3570 ciritati
1279 3515 1462 3570 budissinensi
1474 3515 1541 3570 illud
1551 3515 1677 3572 tributum
1690 3533 1747 3569 esre
1766 3531 1828 3570 cou-

1001 3607 1056 3652 stat
1071 3617 1106 3653 ex
1123 3600 1295 3654 concessione
1312 3600 1445 3655 Matthiae
1463 3617 1534 3655 anno
1555 3611 1634 3655 ιιιι.
1653 3601 1707 3672 ipsi
1727 3599 1827 3666 iactae,

1000 3685 1074 3752 cujus
1091 3685 1170 3739 rerba
1189 3684 1254 3737 baec
1273 3695 1349 3738 suntz
1366 3687 1448 3740 Auel
1467 3686 1557 3742 hohen
1578 3686 1629 3742 wir
1645 3703 1697 3742 eur
1714 3688 1829 3744 odberti·

1001 3771 1077 3824 Ιιιιιι
1097 3767 1225 3824 Kceus'hi.
1238 3769 1334 3826 Mnrlst
1345 3786 1458 3826 unserer
1470 3772 1528 3826 und
1538 3773 1590 3827 der
1599 3774 1677 3828 Creu
1692 3773 1828 3828 Boheimb

1001 3855 1091 3908 licien
1110 3867 1238 3925 getreueu
1259 3855 1451 3923 Koeuigiielaeu
1466 3856 1548 3910 Stude
1559 3856 1691 3911 Badissiu
1706 3877 1740 3913 cra
1753 3858 1831 3913 einer

1001 3938 1189 3996 ιοιιιιιιίιΙιιι
1208 3942 1271 3995 Eirr
1282 3940 1339 3995 und
1349 3941 1536 3996 Zierratludia
1555 3943 1653 3996 Gnade
1661 3943 1764 4014 gethan
1777 3945 1835 3998 aud

1001 4027 1135 4096 gegeben,
1155 4025 1221 4082 dors
1237 4027 1278 4080 sie
1296 4025 1356 4079 und
1370 4025 1429 4079 ihre
1445 4025 1765 4096 necutommeejtrner
1775 4032 1833 4084 arrd

1002 4129 1037 4163 sn
1063 4109 1164 4180 ewigeu
1191 4109 1287 4164 Zeiten
1308 4111 1358 4164 mit
1375 4113 1472 4166 rothen
1497 4114 1599 4169 Weolrs
1616 4115 1717 4186 siegeiu
1741 4115 1831 4170 soliers

1002 4194 1060 4249 und
1080 4212 1210 4266 morgen.
1230 4193 1406 4266 Kuipschild.
1425 4197 1473 4250 aii.
1492 4197 1545 4252 loc.
1564 4199 1697 4273 Hoeping.
1722 4201 1754 4254 de
1772 4201 1829 4272 jur.

1000 4279 1083 4352 sigili.
1100 4297 1162 4349 cap.
1182 4293 1206 4332 ι.
1225 4285 1247 4342 ς.
1268 4289 1292 4330 ι.
1314 4299 1342 4334 ιι.
1363 4293 1406 4333 ts.
1426 4281 1556 4337 Sedincm
1577 4294 1650 4338 retus
1669 4283 1763 4339 itidem
1783 4303 1831 4340 au·
1868 4311 1898 4352 ts

1002 4381 1036 4418 no
1059 4375 1135 4419 teto.
1153 4381 1168 4416 a
1185 4363 1377 4419 Maximiliauo
1396 4365 1430 4419 li.
1450 4367 1612 4437 imperatore
1629 4371 1672 4439 jus
1690 4387 1763 4424 cerae
1781 4391 1828 4427 ru·

1002 4447 1065 4502 brae
1083 4448 1241 4520 impetrasse
1259 4449 1358 4502 scribit
1376 4449 1536 4506 Frideborn.
1551 4453 1652 4509 Cluen.
1664 4455 1730 4509 Stet.
1743 4455 1789 4511 tit.
1806 4469 1830 4511 ι.

999 4549 1029 4603 p.
1047 4543 1090 4585 ιι.
1107 4540 1136 4584 ιι
1152 4531 1255 4584 civitati
1274 4530 1427 4602 lugbecensi
1448 4535 1477 4588 in
1492 4533 1633 4591 Carintbia
1652 4537 1720 4593 sitae
1737 4559 1752 4593 a
1770 4541 1831 4594 Fri·

1001 4615 1092 4672 derico
1117 4618 1280 4688 imperatore
1306 4637 1377 4672 anuo
1405 4630 1482 4673 reat.
1498 4622 1619 4678 mmdem
1640 4641 1717 4679 cerae
1734 4625 1831 4681 rubrae

1000 4698 1139 4756 licentiam
1158 4719 1309 4758 eoncessum
1329 4721 1387 4758 esse
1405 4721 1438 4758 ex
1455 4705 1584 4776 Megiser.
1597 4710 1695 4765 annet.
1708 4713 1830 4768 Cariath.

1001 4787 1047 4840 tit.
1064 4801 1106 4842 ιιι.
1118 4803 1176 4857 cup.
1191 4799 1215 4840 ι.
1226 4805 1252 4858 p.
1270 4799 1328 4840 ιιι.
1347 4789 1440 4860 refert·
1460 4790 1577 4846 ottenb.
1595 4795 1623 4848 irs
1635 4795 1726 4851 lime.
1742 4799 1830 4852 eburi.

1001 4871 1047 4926 tit.
1063 4882 1087 4925 t.
1099 4887 1159 4943 cap.
1176 4887 1201 4929 ι.
1220 4889 1248 4925 ι.
1271 4882 1295 4926 ι.
1314 4875 1417 4929 Pariter
1435 4893 1541 4948 quoqne
1557 4882 1704 4935 constantia
1719 4881 1831 4938 Sueriae
1870 4915 1901 4956 ,g

1001 4955 1109 5020 ciritae,
1127 4955 1256 5009 German.
1276 4955 1397 5013 Costnita
1418 4959 1451 5013 sb
1476 4959 1640 5032 imperatore
1658 4963 1831 5034 sigismundo

1000 5057 1071 5094 auno
1089 5040 1194 5095 Christi
1216 5049 1293 5094 sstt.
1311 5051 1429 5114 tempore
1447 5045 1562 5100 concilii
1581 5045 1727 5104 ibi'lubiti
1739 5053 1830 5122 singu-

1001 5125 1052 5180 lari
1071 5125 1221 5199 diplomate
1236 5124 1329 5181 donata
1348 5125 1416 5194 t'uit,
1436 5140 1466 5185 ut
1481 5131 1574 5202 nigrae
1587 5133 1678 5201 eruci,
1690 5153 1770 5207 quam
1785 5139 1829 5192 in·

1000 5213 1108 5284 signum
1127 5215 1187 5268 loeo
1206 5213 1341 5280 babebat,
1361 5223 1527 5287 purpureum
1546 5232 1714 5290 segmentum
1734 5221 1832 5294 praefi.

999 5316 1063 5368 gera
1079 5314 1111 5352 ao
1129 5315 1189 5353 cera
1207 5298 1288 5353 rubra
1312 5299 1343 5353 in
1368 5293 1511 5371 sigillando
1530 5302 1573 5356 uti
1591 5314 1682 5375 posset
1709 5307 1827 5380 Stumpi.

1000 5380 1283 5439 armunensem.
1300 5395 1325 5438 ι.
1335 5401 1357 5438 e.
1375 5395 1416 5436 ιι.
1427 5401 1455 5454 p.
1471 5396 1530 5441 ιιι.
1544 5387 1635 5444 himo.
1649 5399 1716 5443 tous.
1731 5400 1756 5444 ι.
1767 5391 1830 5460 jur.

127 5469 241 5525 mediate
258 5467 293 5523 ad
310 5467 379 5524 bane
396 5467 557 5539 dignitatern
576 5469 661 5522 erecti
680 5469 892 5541 sint,siquidem
904 5489 949 5526 co·
996 5473 1069 5542 pubi.
1084 5471 1170 5528 addis.
1190 5476 1229 5531 cd
1246 5472 1266 5526 i.
1287 5483 1384 5540 neap·
1401 5484 1440 5525 tt.
1455 5491 1483 5527 ι.
1499 5483 1542 5526 ιι.
1560 5475 1684 5545 Denique
1701 5482 1728 5528 ιι
1744 5473 1824 5529 Nori·
1863 5483 1893 5524 st

126 5555 239 5611 mitibus
257 5553 386 5628 palatinis
405 5568 530 5625 expresse
550 5551 598 5607 hoe
616 5555 767 5622 injunctum
786 5557 904 5626 legibus,
921 5566 952 5613 ut

128 5657 220 5696 omnes
239 5639 377 5703 notarios,
395 5657 459 5710 quos
477 5653 569 5692 ereare
586 5637 656 5708 ipsis
675 5641 769 5712 volupe
792 5640 890 5707 inerit,
910 5660 952 5696 aa·

127 5727 276 5782 mdssimi
295 5725 467 5798 imperatoris
485 5739 515 5780 ac
533 5723 643 5796 imperii
661 5726 767 5781 romani
785 5727 952 5785 nominete-

999 5557 1106 5630 bergam
1120 5575 1208 5614 ceram
1221 5556 1291 5611 bano
1302 5553 1459 5612 adhibuisse
1471 5575 1504 5612 ea
1517 5559 1586 5614 aun
1598 5561 1745 5632 meeberg
1755 5579 1821 5616 eon·

1001 5657 1046 5700 tra
1064 5646 1159 5718 Baym
1177 5645 1206 5700 irs
1225 5663 1272 5714 po.
1285 5643 1539 5714 restiteuionisfhi.
1559 5659 1602 5701 ιι.
1620 5657 1647 5700 ιι
1662 5658 1710 5702 ιι.
1732 5663 1761 5702 ιι
1778 5646 1826 5702 ob·

1001 5747 1116 5788 seruasse
1141 5729 1237 5786 scribit
1261 5727 1365 5784 Besold.
1391 5731 1461 5785 ties.
1477 5740 1566 5804 praet.
1590 5749 1647 5788 roe.
1671 5733 1779 5791 Woeltr.
1800 5739 1827 5785 et
