4348 6282
388 173 457 244 siit

918 178 1113 240 ntsrutt'r.
1129 181 1228 236 xxttt.
1246 181 1364 240 estut
1388 181 1425 237 tt.
1497 179 1502 196 '

1909 186 1988 250 soti
2008 183 2010 186 ’

327 271 430 343 mondo
447 271 520 326 enim
538 271 673 345 negotiosa
694 272 779 344 tsngit
802 272 958 338 sisinum,
978 273 1077 342 singoli
1097 275 1136 328 oi·
1187 275 1285 344 singoli
1305 275 1376 330 aises
1401 278 1528 348 compelli
1561 281 1703 350 possunt}
1725 278 1758 334 sd
1778 287 1960 352 praereptam
1979 279 2046 334 etst-

320 373 364 410 ses
379 356 443 411 odto
455 358 571 413 cisitstis
589 357 743 430 sgqssssndt
756 373 809 411 ooo
820 367 899 423 sont,
913 364 942 410 at
954 358 982 411 in
995 373 1136 427 progresso
1188 360 1235 413 tsti
1256 358 1371 423 tectum,
1388 361 1549 417 Meichsner.
1567 366 1596 418 d·
1615 364 1634 416 l.
1655 365 1717 417 Das
1726 381 1786 418 seo,
1798 364 1842 420 acl
1852 363 1899 418 tit.
1915 359 1954 430 Ι.
1965 362 2047 436 qaod

321 441 441 510 dicetur,
459 441 555 497 Klock.
574 455 639 498 tom.
660 457 684 498 s.
701 458 777 496 cons.
798 454 859 498 ιιι.
877 460 903 495 n.
926 452 969 496 to.
986 441 1138 494 Fseonsteb.
1188 443 1289 520 cujusc.
1303 461 1350 498 un.
1364 463 1439 498 nous.
1453 463 1477 500 c.
1494 457 1519 499 ι.

320 526 399 596 alleg.
417 535 450 582 tr·
468 527 509 581 tit.
530 538 554 580 ι.
572 528 659 584 conci·
682 539 723 582 tt.
741 545 770 579 n.
789 537 832 581 ts.
851 535 878 580 et
894 545 965 598 seqq.
984 525 1075 580 Psous
1094 541 1142 580 act

1023 694 1251 768 CAPUT
1291 703 1338 772 lt.

831 865 884 936 De
905 869 1044 936 ciuitate
1066 863 1228 940 obaerasa
1253 899 1298 941 eu
1321 889 1516 943 contractu.

556 1039 901 1100 SUHHAMA

313 1203 423 1260 Ciuitas
438 1221 476 1260 eu
492 1216 636 1262 contractu
656 1217 682 1261 et
699 1223 735 1260 eu
754 1205 852 1261 delicto
872 1203 992 1276 obligari
1007 1213 1102 1275 potest.
1119 1221 1146 1256 n.

357 1303 380 1340 t.
398 1301 426 1342 el
446 1302 470 1340 2.

317 1374 418 1427 Arotri
433 1375 463 1424 in
484 1371 601 1430 delenda
619 1383 646 1427 et
664 1371 809 1429 condenda
825 1371 891 1430 urbe
906 1373 966 1444 quis
985 1364 1146 1428 ususolinsl

354 1471 381 1508 n.
402 1467 426 1510 b.

320 1539 463 1606 Quomodo
482 1539 578 1594 ciss'tas
595 1535 755 1612 delinquere
772 1547 799 1591 et
812 1536 913 1612 punire
928 1536 1029 1607 possit,
1054 1537 1146 1590 remis·

352 1626 422 1676 siue.
441 1643 470 1676 ιι.
493 1634 518 1675 t.

320 1707 365 1758 as
377 1717 470 1761 mutuo
485 1715 617 1778 qnatenus
629 1703 780 1774 obligetur?
791 1724 820 1758 n.
835 1715 859 1758 t.
874 1715 900 1760 et
912 1721 984 1777 seqq.

317 1789 349 1844 ss·
359 1789 418 1856 ipsa
430 1791 531 1844 ciuitas
543 1789 696 1852 contrabit,
708 1787 888 1858 simpliciter,
902 1790 986 1842 etiam
1008 1805 1066 1840 non
1084 1799 1146 1854 pro·

353 1873 417 1926 bata
429 1872 571 1936 versione,
585 1881 699 1926 tenetur.
713 1889 742 1923 n.
755 1884 777 1923 ι.
791 1881 818 1926 et
833 1885 857 1925 s.

320 1957 437 2026 Quando
450 1957 506 2027 ipsa
517 1955 614 2010 ciuitas
631 1955 804 2010 contraxisse
817 1954 948 2010 dicatus?
960 1973 987 2004 ss.
1009 1967 1033 2006 ι.
1058 1965 1100 2006 ιι.
1120 1963 1146 2008 et

351 2059 422 2112 seqq.

318 2123 390 2196 Ejus
402 2121 534 2192 probatio
546 2123 680 2180 creditori
691 2121 830 2178 incumbit.
843 2141 871 2176 n.
889 2135 927 2176 to.

315 2209 373 2260 Nec
382 2205 501 2278 seffori,
514 2205 541 2258 si
552 2205 770 2260 instrumentum
783 2205 958 2276 obligationis
976 2204 1063 2272 dicat,
1082 2207 1144 2260 cisi·

351 2299 435 2342 tatem
447 2291 531 2360 ipsam
545 2289 723 2344 contraxisse.
738 2307 765 2344 n.
783 2301 823 2342 tt.

318 2371 398 2439 Quid,
408 2373 433 2425 si
443 2373 513 2426 illud
523 2373 632 2442 publico
650 2373 740 2444 sigillo
756 2372 889 2427 munitum
901 2375 995 2427 sitin.
1013 2386 1053 2428 tt.

320 2457 405 2522 Quid,
425 2455 461 2508 ti·
474 2457 548 2512 aliae
580 2468 752 2510 concurrant
774 2457 1028 2527 praesumptiones?
1047 2479 1073 2512 ιι.
1104 2471 1142 2512 ιι.

358 2552 458 2612 etseq.

314 2627 343 2679 A
346 2645 365 2680 a
378 2627 473 2680 anuos
484 2627 611 2696 singutas
623 2627 745 2698 obligare
754 2631 862 2699 possit?
872 2646 900 2681 ιι.
918 2640 959 2683 ιι.

315 2711 445 2777 Negotur.
460 2727 489 2762 n.
506 2721 547 2764 tt.

315 2791 454 2845 Rationes.
471 2810 499 2844 ιι.
517 2805 557 2846 ιι.

315 2873 488 2942 Ampliatur·
502 2893 529 2928 tt.
546 2887 589 2931 ιο.
605 2889 646 2929 ιι.
658 2887 751 2948 etseq.

315 2958 464 3012 Distinctio
478 2959 554 3011 Bart.
569 2961 739 3032 aliorumque
750 2961 882 3034 rejicitur.
897 2981 924 3012 n.
940 2974 980 3016 ιι.

316 3043 471 3096 limitatur.
488 3061 517 3096 n.
538 3047 582 3094 tt.

316 3125 446 3194 Allegans
457 3135 590 3181 statutum
606 3128 651 3180 uel
662 3129 882 3183 consuetudinem
897 3147 953 3182 eam
965 3131 1087 3201 probare
1104 3143 1141 3186 te·

353 3219 537 3262 aesomnes.

322 3291 403 3360 Quid,
426 3293 452 3344 si
467 3293 680 3348 instrumentum
698 3293 879 3363 obligationis
896 3295 930 3348 de
954 3314 987 3350 ea
1012 3297 1145 3351 testetur?

356 3393 384 3432 ll·
404 3385 447 3428 26.

320 3459 407 3528 Quid,
430 3461 455 3514 si
479 3461 716 3516 administratores
735 3474 859 3518 mutuum
877 3465 1092 3518 contraxerint?
1110 3484 1141 3517 n.

356 3552 396 3592 tt.
417 3553 459 3594 ts.
478 3554 575 3614 etseq.

321 3625 439 3692 Quinam
449 3645 499 3695 per
509 3627 747 3682 administratores
759 3630 974 3697 intelligantur?
986 3649 1013 3682 ιι.
1029 3642 1071 3682 ιι.

319 3709 474 3764 Pecuniam
489 3709 518 3762 in
531 3727 586 3763 rens
599 3711 717 3764 civitatis
737 3727 843 3764 uersam
869 3729 925 3764 esse
944 3710 1060 3766 creditor
1075 3731 1141 3782 pro·

354 3793 420 3848 bare
433 3804 547 3848 tenetur.
562 3813 589 3844 ιι.
608 3808 651 3846 ιι.
664 3805 690 3847 et
703 3806 745 3846 tt.

319 3878 487 3944 Asnpliatur.
501 3897 528 3929 ιι.
545 3889 586 3929 ιι.
600 3887 626 3927 et
639 3889 679 3929 tt.

323 3965 466 4029 Quomodo
481 3961 612 4014 creditori
624 3961 772 4016 versionem
784 3963 901 4034 probare
920 3965 1023 4018 solenti
1036 3981 1142 4019 succur-

356 4043 454 4100 ratur?
467 4055 509 4096 ss.
522 4057 549 4096 es
565 4057 605 4096 ss.

324 4127 420 4194 Qualis
427 4127 552 4197 probatio
566 4127 746 4198 requiratur?
761 4147 789 4180 n.
804 4141 845 4182 ιι.
858 4143 885 4183 et
899 4148 973 4202 seqq.

321 4211 470 4263 Pecuniam
484 4210 570 4263 semel
582 4227 691 4262 uersam
705 4225 761 4264 esse
770 4211 881 4282 sufficit.
892 4235 920 4268 n.
935 4227 979 4268 tt.

320 4295 426 4348 Juds'cis
440 4295 555 4348 arbitrio
570 4297 613 4348 lsic
627 4296 740 4350 multum
753 4299 890 4352 tribuitur.
905 4319 933 4350 n.
947 4309 989 4352 ιι.

323 4379 489 4449 Quandoque
502 4380 602 4444 leuior,
629 4379 791 4450 quandoque
812 4381 921 4451 plenior
944 4383 1065 4452 erigitur
1083 4397 1146 4450 pro·

355 4463 437 4515 ιιιιὶο.
453 4479 478 4513 n.
495 4473 536 4514 ss.

322 4549 425 4614 Quibus
438 4545 547 4600 casibus
560 4545 705 4601 necessitas
714 4547 856 4620 probandi
873 4550 1024 4604 versionem
1043 4552 1145 4605 cesset?

358 4647 386 4682 n.
402 4643 443 4682 ιι.
458 4647 512 4702 seq.

323 4713 397 4780 Quid
407 4715 433 4768 si
445 4714 474 4766 in
485 4715 642 4785 praesentia
654 4717 736 4770 totius
749 4713 862 4768 cs'oitntis
888 4729 1009 4774 mutuum
1035 4729 1145 4774 contra-

357 4799 461 4852 sbulttt'?
475 4817 503 4852 ΙΙ.
516 4811 559 4850 Η.

322 4881 448 4938 Probata
467 4883 606 4944 versione.
634 4881 875 4940 administratores
896 4887 1008 4958 proprio
1034 4892 1148 4942 nomine
1176 4949 1179 4956 Ι

361 4984 419 5018 non
434 4975 570 5020 tenentur·
584 4985 614 5020 ιι.
627 4977 669 5017 ιι.

325 5047 406 5116 Quod
417 5049 549 5116 exemplis
561 5049 701 5116 probatur.
716 5063 742 5101 ιι.
758 5062 801 5104 tt.

320 5133 448 5187 Basante
459 5143 550 5188 tumen
564 5131 661 5205 officio
676 5138 788 5190 nomine
801 5136 1038 5196 administratorio
1051 5159 1145 5196 conoe·

360 5221 417 5288 sutri
424 5229 548 5288 potsunt.
563 5225 594 5268 ιι.Ι
605 5230 647 5269 tst.

326 5306 482 5357 Ls'sssitotur.
497 5321 521 5354 rt.
538 5317 578 5356 tt.
591 5291 618 5355 el
629 5313 704 5375 seqq'.

322 5385 448 5458 Effectus
462 5391 595 5441 clausulae
605 5409 610 5436 ι
622 5405 673 5458 pro
687 5411 715 5444 se
727 5403 753 5444 et
765 5395 821 5444 suis
834 5391 1002 5447 haeredibus.
1016 5414 1043 5448 n.
1059 5407 1101 5448 tt.

325 5475 382 5526 Pro
397 5491 424 5524 se
438 5485 465 5524 et
477 5473 533 5526 suis
547 5474 748 5528 successoribus.
763 5496 792 5528 n.
807 5490 849 5530 st.

260 5561 265 5572 “
326 5559 427 5612 i'nsero
443 5560 499 5614 und
510 5555 634 5626 gemeine
646 5557 829 5618 Stude-Gliter.
841 5583 868 5618 n.
883 5577 922 5617 ts·

454 5643 458 5668 ι

1194 1041 1226 1094 tt
1236 1045 1323 1099 sertio
1338 1044 1365 1099 in
1379 1065 1439 1101 rem
1452 1045 1567 1100 civitatis
1580 1061 1637 1098 non
1645 1046 1796 1118 probetur,
1812 1042 2038 1100 administrata·

1232 1147 1275 1184 res
1287 1140 1393 1186 tantum
1406 1142 1543 1187 tenentur.
1556 1148 1584 1184 ιι.
1599 1137 1642 1185 to.

1200 1217 1260 1283 Quo
1276 1215 1400 1268 actione?
1411 1235 1438 1268 n.
1454 1227 1496 1270 ιι.

1202 1297 1278 1364 Quid
1285 1298 1454 1370 sijncertum
1467 1299 1512 1365 sit,
1526 1318 1564 1352 on
1576 1300 1691 1372 petuma
1704 1299 1795 1354 terta?
1807 1318 1837 1352 ιι.
1851 1311 1895 1353 tt.

1197 1383 1410 1448 Ampliationes.
1423 1402 1451 1434 ιι.
1466 1392 1508 1434 tt.

1198 1470 1245 1517 An
1262 1465 1400 1528 dispositio
1413 1466 1550 1520 l.cioitas·
1571 1467 1611 1520 ad
1631 1465 1703 1519 alios
1726 1472 1886 1518 contractas
1912 1459 2039 1515 extendi

1229 1549 1338 1616 postis?
1350 1569 1377 1600 n.
1395 1562 1437 1602 tt.

1201 1632 1343 1702 Quomodo
1355 1632 1450 1687 civitot
1463 1652 1498 1686 ec
1509 1627 2032 1705 depositmfidejussione,commodato

1233 1726 1282 1768 ete.
1293 1716 1441 1787 obligetur?
1451 1735 1478 1770 n.
1495 1729 1537 1769 ts.

1194 1801 1299 1855 Ssotuto
1312 1803 1366 1853 sibi
1376 1819 1469 1855 carere
1478 1809 1582 1872 potest,
1595 1817 1631 1853 ne
1652 1818 1688 1853 esc
1714 1799 1756 1851 lsis
1778 1795 1974 1851 contractibus
1993 1807 2033 1848 te·

1232 1896 1338 1939 nentur.
1352 1903 1379 1937 ιι.
1395 1899 1440 1938 tt.

1197 1970 1341 2040 Quomodo
1349 1988 1385 2024 en
1393 1969 1575 2025 contractibus
1588 1967 1785 2022 alienationem
1798 1963 2031 2018 tnootsensttas?

1232 2076 1260 2107 n.
1278 2067 1320 2108 tt.
1566 2115 1568 2118 Ι

1194 2140 1332 2210 llequisito
1345 2155 1450 2202 eorum,
1465 2137 1615 2198 remissius,
1628 2153 1655 2186 n.
1671 2145 1712 2187 ts.
1726 2144 1753 2186 et
1765 2144 1807 2185 to.

1198 2224 1342 2294 Quomodo
1356 2243 1391 2277 en
1404 2221 1507 2275 locuto?
1519 2239 1548 2272 n.
1562 2232 1604 2271 ιι.

1193 2311 1330 2377 Specialia
1343 2307 1484 2376 quaedum.
1497 2325 1525 2358 n.
1539 2317 1582 2358 ιι.
1598 2315 1625 2357 et
1638 2315 1679 2356 ts.

1194 2399 1227 2450 ln
1240 2395 1420 2450 locationibus
1430 2393 1467 2446 od
1479 2393 1591 2460 longum
1605 2399 1708 2460 tempus
1718 2384 1830 2440 eaedem
1837 2389 2027 2458 requirantur

1227 2480 1424 2541 solemnitates,
1437 2495 1508 2548 quae
1521 2476 1549 2528 in
1563 2475 1729 2528 venditione.
1743 2492 1770 2525 n.
1786 2481 1830 2525 st.

1194 2567 1257 2618 Non
1270 2564 1298 2618 in
1316 2562 1387 2616 aliis.
1401 2581 1428 2614 n.
1444 2573 1485 2612 ts.

1195 2647 1282 2716 Quid,
1297 2646 1324 2698 si
1334 2645 1368 2696 ab
1378 2639 1649 2698 adrns‘nsstrtttaribns
1660 2639 1762 2693 locatio
1768 2640 1877 2710 sacta?
1889 2659 1919 2694 ιι.
1937 2655 1980 2696 tt.

1194 2729 1407 2784 Consuetudines
1420 2737 1446 2781 et
1456 2735 1561 2780 statuta
1573 2725 1617 2779 icio
1631 2723 1814 2777 obseruanda.
1828 2741 1855 2776 ιι.
1872 2734 1917 2776 ιι.

1220 2829 1236 2862 ι

1193 2829 1312 2951 (distas
1332 2913 1458 2967 personne
1477 2895 1560 2947 sicera
1580 2893 1711 2956 sustinet,
1725 2909 1791 2962 quse
1805 2894 1968 2946 eonsentien
1978 2897 2018 2946 ti·
2068 2901 2075 2934 ¹

1192 2981 1239 3034 bus
1257 2981 1382 3035 omnibns
1416 2981 1445 3032 iu
1476 2979 1585 3033 civitate
1608 2978 1773 3040 virentibus.
1797 2979 1838 3030 set
1866 2979 1943 3042 iltis.
1970 2982 2023 3048 qui

1189 3084 1283 3117 omnes
1308 3073 1516 3135 repraesentant,
1543 3063 1599 3132 ipss
1620 3063 1769 3116 consentire
1796 3063 1918 3116 cisletnc.
1946 3065 2024 3114 ltine

1178 3148 1302 3223 ¹dicitnr,
1319 3148 1389 3218 qnosl
1409 3148 1546 3218 possidere
1564 3155 1591 3197 et
1610 3161 1758 3214 sssucspere,
1778 3146 1795 3196 l.
1810 3159 1833 3197 ι.
1847 3143 1873 3216 5.
1890 3159 1916 3199 t.
1924 3145 1971 3216 ff.
1985 3149 2024 3202 od

1191 3233 1282 3285 cubil.
1294 3233 1311 3285 l.
1326 3229 1394 3299 off.
1408 3232 1441 3284 de
1453 3249 1511 3300 naq.
1525 3229 1573 3282 vel
1584 3227 1671 3281 onsitt.
1689 3244 1745 3290 pos.
1761 3227 1889 3297 syndan,-
1905 3240 1935 3282 ει
1948 3245 2022 3282 ηιο.

1193 3333 1234 3368 rcs
1252 3317 1427 3376 constituere,
1440 3314 1458 3365 l.
1472 3307 1540 3380 ιβ’.
1552 3312 1626 3382 quosl
1636 3310 1738 3383 cujsssc.
1753 3312 1825 3363 unio.
1838 3329 1916 3362 nom.
1931 3314 2021 3363 etios-

1191 3418 1243 3470 que
1261 3401 1363 3452 similos
1382 3409 1469 3460 sotus,
1486 3397 1532 3464 qui
1558 3411 1713 3447 consensum
1742 3395 1854 3446 omnino
1878 3397 2022 3463 exigant,

1192 3497 1313 3534 exercere
1332 3479 1425 3551 possit.
1445 3479 1503 3530 lmo
1523 3496 1556 3530 ex
1582 3478 1689 3530 delictis
1713 3495 1819 3546 quoque
1844 3497 1897 3530 non
1928 3481 2025 3531 missus

1191 3585 1267 3634 quom
1288 3580 1320 3617 ex
1338 3573 1473 3616 contrecto
1490 3560 1618 3614 civitatem
1637 3559 1771 3628 obligari,
1788 3559 1925 3629 seriisque
1957 3563 2026 3613 iuste

1179 3627 1284 3718 'poenis
1302 3647 1396 3710 subjici
1418 3662 1509 3717 posse,
1530 3644 1647 3714 expediti
1671 3645 1736 3708 juris
1749 3645 1857 3699 cst.Sic
1872 3646 2021 3715 populum,
2059 3661 2071 3698 ι

1190 3733 1291 3784 cssrinm
1310 3741 1335 3782 et
1355 3731 1494 3798 collegium
1513 3729 1554 3784 sel
1579 3745 1690 3798 corpus,
1713 3729 1747 3780 ob
1775 3740 1874 3781 mettun
1902 3731 2015 3782 illatum

1193 3813 1278 3868 edicto
1295 3813 1364 3884 quot
1384 3827 1470 3866 suetos
1488 3829 1564 3867 cause
1585 3814 1668 3866 teneri
1702 3823 1829 3876 testatur,
1859 3815 1924 3884 Uip.
1944 3818 1975 3867 in
1997 3817 2020 3864 1.

1192 3911 1298 3952 metum.
1313 3905 1334 3960 §.
1351 3911 1372 3949 t.
1376 3897 1416 3967 ff
1428 3919 1451 3967 q.
1466 3918 1501 3949 m.
1514 3915 1535 3950 c.
1551 3897 1581 3949 Et
1594 3897 1621 3947 in
1634 3898 1708 3950 autls.
1722 3898 1787 3951 item
1799 3899 1878 3950 nulla
1891 3917 2024 3952 sommu-

1192 3983 1273 4037 nitus.
1287 4003 1309 4036 c.
1322 3984 1354 4036 de
1371 3981 1451 4054 episc.
1469 3992 1495 4034 et
1511 3984 1574 4033 cler·
1593 3980 1751 4033 universitas
1773 3983 1855 4049 triplo
1877 3984 2016 4050 punitur,

1191 4077 1268 4138 atque
1287 4069 1394 4138 insuper
1411 4065 1497 4118 bmsno
1516 4063 1657 4131 subiicitur
1678 4065 1825 4133 imperiali.
1846 4067 1905 4116 {mo
1933 4069 2021 4119 inter·
2065 4089 2075 4126 ι

1192 4151 1255 4203 dum
1275 4151 1382 4204 inducto
1400 4161 1486 4202 aratro
1505 4148 1574 4218 (quo
1592 4157 1619 4200 et
1638 4148 1665 4199 iss
1685 4148 1819 4202 contenta
1840 4151 1950 4205 civitate
1970 4169 2021 4202 su-

1195 4233 1263 4303 tiqui
1282 4233 1436 4296 utebantur,
1457 4230 1520 4285 vit.
1538 4230 1558 4283 l.
1574 4241 1634 4284 ιιι.
1646 4231 1668 4297 §
1682 4245 1705 4285 6.
1719 4231 1810 4304 ibique
1823 4231 1967 4286 Goetten.
1991 4237 2028 4287 sle

1195 4334 1218 4370 o.
1232 4333 1255 4370 s.
1275 4319 1346 4369 Hinc
1365 4316 1465 4384 virgil.

1233 4403 1298 4470 Apta
1317 4399 1374 4451 dies
1393 4399 1501 4468 legitur,
1520 4415 1587 4467 quse
1607 4399 1711 4452 moenis
1730 4398 1814 4467 signet
1838 4408 1955 4464 scateo.)

1196 4499 1256 4536 curn
1274 4481 1337 4536 urhe
1357 4483 1385 4534 in
1406 4491 1489 4534 totum
1509 4481 1646 4552 extingui,
1667 4499 1713 4536 suo
1726 4485 1850 4551 exemplo
1863 4487 2024 4554 comprobet

1193 4567 1423 4636 Carthaginquam
1443 4555 1559 4618 issicum
1578 4581 1680 4635 pesssm
1699 4567 1766 4618 ‹ticis
1793 4567 1907 4619 stotess.
1940 4573 1973 4618 in
2003 4571 2025 4618 l.

1196 4666 1236 4707 ιι.
1242 4649 1282 4721 ff
1295 4651 1366 4721 quib·
1380 4653 1450 4703 mod.
1465 4649 1564 4722 nsussr.
1578 4669 1634 4704 nvn.
1647 4649 1722 4702 Cani.
1752 4649 1836 4703 truie.
1853 4649 1871 4701 l.
1889 4667 1912 4704 ι.
1928 4651 1963 4704 de
1977 4671 2025 4706 re-

1192 4736 1298 4806 pulia.
1312 4749 1333 4787 t.
1348 4745 1410 4787 sect.
1427 4746 1448 4785 t.
1464 4751 1490 4786 n.
1507 4751 1530 4792 s.
1543 4743 1569 4784 et
1580 4749 1634 4802 seq.
1652 4744 1677 4790 et
1695 4731 1780 4784 adbuc
1801 4731 1882 4784 hodie
1896 4733 2022 4787 cisitstes

1195 4819 1328 4888 imperiali
1346 4817 1550 4889 proscriptione,
1568 4820 1642 4885 cujus
1661 4816 1801 4868 sormsstssa
1816 4817 1928 4870 exhibet
1942 4817 2020 4871 Gsit.

1197 4903 1374 4972 dep-pit·
1393 4903 1450 4956 obs·
1473 4913 1498 4954 s,
1520 4921 1547 4953 n.
1577 4910 1619 4953 tt.
1644 4909 1670 4953 et
1696 4911 1737 4952 ts.
1757 4919 1771 4950 ιι
1791 4917 1851 4952 susc
1869 4899 2015 4968 dignitatis

1199 4985 1404 5052 thronosiejici,
1423 5004 1476 5038 uon
1495 4985 1533 5038 its
1551 4985 1655 5052 antiqua
1676 4981 1771 5036 docem
1796 4985 1927 5054 exempto.

1235 5073 1335 5123 Verum
1353 5087 1412 5122 cum
1439 5085 1514 5122 mens
1532 5067 1584 5130 stt,
1602 5065 1721 5118 laborem
1740 5075 1883 5126 nostram,
1904 5081 1938 5118 ne
1959 5067 2019 5117 ton·
2061 5077 2073 5114 ι

1198 5157 1265 5224 gine,
1282 5171 1360 5223 quem
1380 5169 1428 5221 pse
1445 5161 1494 5214 est,
1514 5167 1572 5204 sese
1589 5148 1737 5208 diffundet.
1757 5151 1827 5218 intes
1854 5151 1924 5202 solos
1951 5169 2017 5204 oon-

1202 5248 1330 5292 tssctuusn
1350 5249 1376 5290 et
1396 5235 1458 5292 inde
1476 5235 1583 5290 fluentis
1601 5235 1771 5305 obligetionls
1785 5235 1902 5306 passivae
1917 5245 2021 5288 tantum

1200 5322 1309 5384 timites.
1327 5319 1412 5390 quosd
1431 5317 1490 5373 tiesi
1524 5319 1637 5390 poterit,
1666 5335 1802 5391 coercere,
1833 5319 1968 5388 monsedo
1998 5331 2026 5372 es

1200 5405 1304 5473 quando
1322 5404 1415 5458 civitas
1435 5403 1590 5474 delinquere
1608 5403 1728 5466 rideatur
1746 5413 1772 5456 et
1798 5403 1888 5472 puniri
1916 5404 2023 5472 possit,

1203 5491 1292 5542 multis
1311 5489 1355 5541 bio
1372 5487 1506 5556 explicare
1525 5487 1743 5557 supersedemus,
1762 5501 1820 5538 cam
1841 5485 1873 5539 de
1892 5487 1940 5538 hnc
1965 5507 2019 5536 ms-

1204 5575 1267 5628 tesis
1287 5570 1319 5626 sd
1338 5575 1442 5648 tanqum
1464 5573 1549 5629 rideri
1569 5573 1672 5645 possint
1697 5571 1828 5642 Bsiaing.
1854 5572 1902 5624 all·
1927 5581 1962 5624 ts.
1988 5575 2024 5626 de
