4476 6274
274 258 325 326 657
766 255 814 310 DE
831 253 1074 316 onttotrlottss
1092 259 1271 318 Pntnctttts
1293 278 1356 319 erc·
1805 265 1856 324 658

221 359 238 412 p
261 369 285 412 3·
301 357 325 426 5
340 352 543 429 „mentm
566 347 601 420 ff,
630 347 665 406 de
688 347 750 402 ban.
773 351 868 406 damn.
895 351 1047 408 Prseiectos
1100 357 1162 412 dict.
1180 360 1232 412 loc.
1259 376 1304 412 sees
1328 358 1372 427 quei
1397 371 1520 416 exercent
1536 357 1629 416 ossen
1648 359 1677 414 iu
1697 377 1751 432 rep.
1769 360 1819 416 sibl
1839 377 1913 417 oom-

222 459 342 514 ΜΕ,
361 441 379 492 ι,
401 453 426 494 t.
443 436 468 511 s
496 435 589 509 ²⁷·ff·
616 446 646 491 nt
663 433 693 489 in
716 451 790 506 poss.
814 436 863 508 leg.
882 437 1004 492 liebebet
1021 450 1049 492 et
1102 443 1185 495 missa
1203 443 1337 514 principis
1357 446 1427 511 luco,
1447 444 1545 500 Cebsll.
1563 465 1613 500 res.
1631 449 1707 499 crim.
1727 463 1784 502 cas·
1805 457 1862 502 tit.
1882 467 1911 502 rt·

223 527 382 598 promum.
402 523 419 576 1¹
440 533 464 577 ο.
482 528 504 586 ς,
527 534 549 576 ,⁸
562 517 651 590 με
670 521 1050 590 900n,011ud01.120,(}01·
1104 533 1128 574 2.
1147 533 1174 575 et
1192 535 1215 576 s.
1236 524 1276 576 De
1294 525 1390 595 quibus
1408 526 1458 580 hoc
1476 527 1626 582 locouobis
1644 530 1912 584 sermoerit.Etlsuo
1949 536 1981 584 sl

223 609 291 665 hoie.
309 609 347 664 ad
363 609 382 660 l.
399 607 505 662 domas·
523 623 547 659 c.
565 605 653 660 tleeod
664 604 696 658 de
708 604 754 669 iis,
769 622 839 676 puae
850 605 1050 662 adme'nr'strant.
1103 607 1184 658 etiam
1204 607 1346 664 referimus
1365 625 1551 681 procuratores
1568 615 1697 681 caesaris,
1715 615 1761 684 qui
1773 625 1912 672 eteureto·

223 692 271 764 qut
290 689 445 764 ,punitoque
465 689 588 744 ministri
614 689 787 752 clicelseotur,
805 690 845 742 uti
863 689 897 740 cle
916 690 1051 746 ministris
1102 706 1144 742 res
1160 694 1274 746 ceesaris
1286 694 1409 748 dicontur
1422 699 1449 748 in
1462 697 1481 748 l.
1496 699 1544 751 ult.
1554 717 1596 770 pr.
1607 697 1640 766 ffi
1651 701 1684 752 de
1695 699 1745 768 off.
1753 718 1831 770 proc.
1844 718 1913 756 caet.

225 777 301 832 ,tucia
320 786 372 838 ees,
395 776 413 827 1.
432 787 456 828 s.
473 791 497 828 e.
514 774 605 828 tlreod·
622 771 662 828 ad
677 773 696 824 l·
709 771 761 841 p'nl.
780 773 919 842 repetund.
935 774 975 826 ne
996 775 1048 826 eni·
1101 775 1147 842 qui
1162 787 1219 830 utut
1236 777 1349 846 negotiis
1367 776 1505 834 iiscelibos
1522 783 1662 853 preecipue
1680 783 1851 849 incumbent,
1863 801 1916 854 qus

224 860 320 916 nistris
345 857 486 924 icrelibus‚
508 857 526 910 l.
550 869 575 912 t.
600 875 622 911 c.
653 856 742 910 tleeod.
759 854 793 910 de
816 866 882 908 curt.
905 873 976 910 reor.
994 859 1050 911 llsn
1101 858 1146 910 ille
1158 858 1267 928 exigent
1280 871 1306 914 et
1319 862 1523 930 administrent,
1534 869 1553 919 l.
1568 877 1608 922 st.
1620 865 1643 938 5.
1662 864 1728 934 off.
1742 868 1776 921 de
1784 866 1915 940 junsiac-

225 963 287 1002 ,ιω
309 943 445 1009 obtinuit,
470 953 498 997 et
521 943 600 1008 illos,
625 942 672 1013 qui
695 941 725 994 in
749 939 900 993 ministerio
916 939 1051 1011 principie
1101 942 1228 998 Obrecht.
1241 943 1288 997 lib.
1304 946 1477 1016 t.de1'urisd.
1488 967 1512 1002 c.
1526 962 1551 1002 s.
1562 967 1589 1001 n·
1604 950 1917 1006 enttoueereeueeete·

224 1039 304 1093 eunt,
328 1025 484 1082 oibcielium
510 1025 619 1080 nornine
642 1024 746 1088 senice,
765 1023 817 1078 sid.
845 1024 927 1078 illest.
944 1023 1050 1078 Gerret.
1103 1037 1140 1080 ter
1153 1024 1285 1080 fiscumet
1299 1029 1415 1097 prisetos
1427 1043 1595 1086 occurrentes
1607 1033 1842 1103 mpnoscebsnnl.
1857 1045 1916 1086 s.e.

225 1111 352 1168 laudens.
370 1123 403 1164 tr.
422 1113 456 1165 de
473 1111 549 1181 offic·
570 1109 708 1165 donrinor.
718 1109 748 1162 in
760 1119 795 1162 tr.
806 1119 969 1164 tractatuum
983 1120 1048 1162 tom.
1099 1109 1126 1158 si
1136 1107 1315 1178 advers.fisc.
1326 1110 1343 1160 l.
1356 1122 1380 1164 t.
1392 1129 1415 1164 c.
1427 1111 1461 1166 de
1470 1123 1600 1169 transact.
1612 1125 1630 1168 t.
1644 1125 1662 1169 t.
1676 1135 1699 1169 c.
1710 1115 1759 1168 nbi
1769 1115 1916 1185 raanfisc.

225 1198 292 1252 111.
313 1195 419 1250 Dicitur
436 1196 510 1247 eolre
527 1189 653 1248 ciliciolis
672 1192 707 1246 els
727 1187 1051 1262 officio,quoslpenerele
1099 1190 1159 1244 Non
1174 1201 1260 1245 tamen
1279 1207 1421 1264 eapropter
1440 1197 1611 1267 cliscrsojure
1625 1199 1731 1253 ebullis
1747 1196 1912 1254 officialibus
1951 1215 1982 1256 ss

229 1295 327 1334 nomen
345 1278 378 1334 et
395 1279 485 1334 omnis
505 1277 653 1332 ministeris
681 1274 813 1345 appliceri
832 1273 947 1344 poterit,
966 1274 1051 1326 etsie
1101 1275 1140 1326 sel
1152 1274 1283 1329 ministris
1302 1278 1630 1350 principissestimumllg
1649 1299 1702 1336 uon
1722 1294 1831 1349 tannero,
1844 1284 1916 1354 quoti

229 1365 283 1417 ιιι,
302 1363 406 1428 omnis,
426 1363 471 1433 qni
491 1362 594 1416 cerione
611 1363 647 1415 eli
663 1362 740 1428 cujus
758 1359 823 1412 ertis
842 1376 864 1412 s.
882 1353 968 1411 officii
988 1377 1049 1428 per·
1101 1359 1128 1410 ln
1147 1361 1204 1427 jnre
1224 1371 1315 1414 nostro
1334 1367 1483 1432 procuretio
1500 1384 1603 1436 quoquc
1622 1365 1743 1422 cilicium
1761 1369 1886 1434 tleootet,
1899 1373 1917 1424 l.

231 1448 356 1503 licolstis
379 1448 523 1502 adstrictus
541 1457 581 1500 est
600 1447 632 1500 ecl
652 1448 765 1515 eliquans
784 1461 861 1507 rem,
879 1444 978 1514 poterit
995 1443 1051 1497 elici
1106 1447 1276 1498 t.c·tl1eo.l.
1295 1445 1330 1499 de
1347 1449 1452 1502 robert.
1473 1451 1525 1504 sm
1544 1463 1591 1518 st,
1610 1453 1679 1522 quod
1700 1453 1916 1518 allisionum,

228 1530 369 1598 officum,
393 1531 635 1588 Rimfin,1d,00m.
663 1541 725 1583 sse.
754 1548 782 1582 n.
802 1541 827 1582 t.
846 1529 909 1581 item
928 1527 974 1597 qul
992 1529 1050 1595 jure
1100 1539 1227 1596 quantum
1252 1529 1284 1582 nt
1311 1532 1501 1601 obligationem
1529 1537 1683 1608 principie,
1701 1553 1733 1588 en
1761 1537 1917 1590 ministrum

228 1618 285 1672 eise
302 1617 360 1687 lege
378 1627 483 1670 tenetur
500 1617 534 1668 etl
555 1612 660 1684 aliquoi
679 1611 877 1677 ministerium,
890 1613 973 1665 los-e
988 1610 1052 1664 Sere
1100 1621 1171 1662 certo
1189 1611 1269 1664 elicui
1288 1617 1394 1682 negotio
1412 1617 1585 1686 preeieocrit,
1606 1637 1640 1672 en
1659 1621 1799 1685 oroolbuse
1817 1620 1918 1676 sssibclt

231 1703 266 1758 ὼ
284 1702 390 1756 inm-,0
411 1719 435 1756 e·
457 1711 479 1752 ¹,
498 1702 522 1767 §.
544 1708 568 1752 4,
586 1715 614 1750 a,
633 1707 657 1748 χ,
676 1705 703 1750 ,ε
719 1711 791 1766 seqq.
809 1697 848 1750 vel
873 1693 919 1763 qni
940 1711 954 1744 s
973 1708 1050 1761 supe-
1104 1693 1197 1757 enisu,
1216 1713 1429 1770 unumquemque
1445 1703 1581 1756 roluutatc
1599 1704 1733 1774 principis
1757 1706 1829 1758 circu
1848 1706 1914 1770 itte,

229 1787 301 1840 210„
321 1787 357 1842 ,d
369 1783 475 1856 ,liquori
492 1781 612 1838 officium
632 1781 772 1852 deputetue
791 1789 850 1844 est,
869 1775 972 1830 Rimiu.
986 1775 1012 1828 d.
1026 1793 1049 1828 a.
1101 1794 1166 1846 quoe
1187 1777 1255 1848 scip·
1274 1781 1314 1832 sel
1332 1785 1466 1854 principis
1485 1797 1561 1849 ment,
1579 1789 1715 1858 occupari.
1740 1789 1830 1858 Quare
1854 1807 1917 1844 seso

231 1887 261 1923 ss.
273 1882 298 1926 s.
312 1871 390 1942 elque
408 1877 531 1940 preecst,
550 1869 590 1922 sel
606 1870 649 1937 jue
667 1864 781 1918 dicendo
797 1865 840 1918 sel
858 1859 1050 1926 subveniendo,
1101 1868 1125 1912 et
1140 1859 1277 1915 rationulis
1294 1863 1398 1930 illotus,
1417 1867 1545 1936 quibusve
1562 1870 1673 1941 insuper
1695 1871 1781 1925 titulis
1799 1875 1917 1944 iusigni-

232 1955 289 2010 pw·
314 1971 387 2010 eom.
409 1963 451 2008 ω,
468 1955 520 2011 cot.
540 1963 563 2004 s.
581 1967 649 2007 pers.
670 1962 693 2004 2.
714 1951 827 2018 Proprie
843 1959 928 2000 tuanen
947 1940 1050 1996 cilicis·
1104 1952 1164 2007 tus,
1182 1944 1216 1997 ele
1234 1962 1265 1997 co
1284 1946 1337 1998 eid.
1357 1949 1472 2004 (iothor.
1490 1951 1523 2006 de
1540 1953 1618 2025 offic·
1642 1955 1716 2008 dom.
1739 1957 1811 2025 Aug.
1829 1957 1875 2010 tit.
1894 1972 1918 2014 s.
1991 1953 1992 1958 ¹

234 2039 272 2092 ιω
299 2037 446 2110 dicamur,
463 2039 509 2108 qni
527 2036 633 2108 publice
651 2035 749 2088 habent
765 2029 939 2098 officie,ios.
955 2048 971 2081 e
988 2030 1052 2084 Sese
1102 2046 1125 2082 c.
1145 2040 1185 2082 te.
1201 2049 1228 2100 p.
1247 2049 1282 2084 ns·
1304 2045 1364 2088 sto.
1384 2035 1489 2105 Quibus
1507 2039 1662 2109 praemissis
1681 2058 1724 2096 oss
1741 2042 1897 2098 coaieroell

901 2216 1150 2287 CAPUT
1195 2215 1243 2284 ΙΙ.

616 2419 673 2486 De
687 2415 895 2510 obligatione
908 2410 1078 2505 principis
1091 2413 1243 2503 casneto
1259 2418 1409 2484 ministri
1424 2417 1534 2490 licito.

475 2647 498 2700 δ’
517 2643 545 2700 lt
560 2643 593 2696 b!
609 2641 646 2698 b!
659 2639 688 2694 A
706 2641 732 2693 lt
750 2641 770 2694 1
785 2639 813 2692 A
1097 2633 1162 2689 Cum
1176 2634 1297 2706 officiali
1310 2641 1475 2694 contrairent
1489 2646 1601 2714 eas'gere
1622 2655 1709 2716 potest
1724 2643 1918 2702 exhibitionem

1132 2715 1321 2773 instructionis
1331 2736 1379 2776 seu
1394 2721 1517 2780 mandati
1525 2727 1571 2796 pri
1583 2727 1680 2799 ncipe's,
1689 2727 1764 2798 quod
1771 2745 1828 2782 non
1838 2745 1919 2799 prae·

231 2813 372 2873 Conneaio
382 2811 490 2882 capitis-
503 2829 531 2864 n.
546 2819 569 2862 s.
1132 2800 1348 2856 semitonum.

232 2905 305 2956 Acta
317 2899 427 2970 etjircta
438 2895 559 2950 ministri
566 2889 799 2962 censentursacta
810 2885 947 2960 principis.
960 2904 987 2938 n.
1001 2895 1025 2938 2.
1101 2883 1174 2947 Quid
1184 2883 1210 2933 si
1219 2885 1352 2955 officialis
1361 2887 1472 2956 specciali
1493 2889 1678 2948 instructione
1688 2894 1868 2950 destitutum:
1876 2907 1917 2949 ts.

230 2986 362 3041 Rationes
376 2981 628 3040 dubriandicontra
641 2975 834 3046 obligationem
850 2970 981 3042 principis
994 2987 1031 3025 ea
1098 2967 1134 3018 In
1150 2965 1219 3029 illis,
1238 2985 1307 3038 puae
1325 2969 1363 3024 od
1380 2969 1505 3042 ofliciarn
1529 2981 1690 3046 pertenent,
1703 2979 1807 3050 obligat
1815 2981 1917 3050 princi·

255 3067 339 3138 sacto
350 3067 478 3119 ministri.
491 3081 517 3116 n.
532 3075 554 3114 s.
566 3077 636 3132 seqq.
1132 3065 1204 3116 pem.
1218 3067 1247 3101 n.
1261 3061 1302 3103 tr.

229 3153 398 3220 Separantur
398 3147 484 3218 Jlecta
498 3143 685 3198 ministratam
699 3141 775 3196 licita
787 3149 814 3195 et
826 3141 929 3195 illicita.
942 3158 969 3194 n.
985 3151 1009 3194 s.
1098 3131 1191 3186 Ratio·
1206 3151 1234 3184 rt·
1248 3145 1290 3186 ss.
1302 3153 1357 3208 sep.

232 3236 282 3289 Ad
292 3234 474 3288 ministerium
485 3225 619 3301 principis
631 3245 712 3282 nemo
729 3226 789 3280 sine
801 3224 980 3280 instructione
998 3222 1048 3278 ad·
1098 3213 1189 3269 Facto
1202 3216 1391 3274 ministrorum
1404 3221 1444 3276 ud
1451 3223 1657 3296 dissipationem
1670 3227 1807 3286 bonarum
1817 3229 1917 3300 princi·

270 3316 392 3372 Μηίων,
405 3333 433 3367 n,
447 3325 474 3366 ς,
1133 3300 1174 3366 pis
1185 3302 1325 3354 tendentia
1339 3321 1399 3356 enm
1415 3323 1473 3360 non
1493 3309 1621 3378 obligant.
1636 3331 1664 3366 n.
1680 3321 1721 3369 to.

230 3401 263 3454 a·
268 3403 398 3470 princeps
407 3416 470 3453 cnm
487 3395 608 3469 principe
622 3411 676 3467 per
695 3392 848 3448 minsitnem
870 3403 950 3463 agat,
966 3407 1048 3465 prae·
1098 3382 1173 3434 Hinc
1185 3399 1242 3436 non
1256 3385 1333 3437 valet
1344 3385 1456 3443 donatio
1471 3391 1597 3446 ministri.
1610 3411 1638 3445 n.
1653 3407 1696 3448 ct.

267 3497 311 3540 ter
326 3479 420 3538 literar
437 3481 617 3538 credentiales
638 3477 754 3549 priuata
778 3479 960 3534 imtrucnisne
978 3493 1049 3547 opus
1100 3463 1154 3516 Νθθ
1165 3465 1288 3520 ”emittit
1301 3468 1389 3524 debiti.
1404 3488 1431 3524 n.
1452 3483 1495 3528 tr.

269 3578 317 3623 cst.
330 3586 359 3620 n.
375 3579 416 3622 so.
1099 3551 1303 3606 Remuneranda·
1314 3563 1407 3608 tumen
1418 3575 1502 3614 cansa
1515 3561 1596 3615 calet.
1609 3579 1636 3616 n.
1651 3571 1692 3617 ts.

235 3655 314 3723 Quae
324 3671 383 3706 non
394 3667 500 3723 semper
510 3669 528 3704 a
538 3651 625 3720 legato
638 3643 801 3702 ecbibenda.
814 3663 843 3700 n.
860 3657 900 3700 tt·
1104 3635 1317 3692 stssttttctt'oncs
1325 3637 1492 3711 officialium
1503 3644 1624 3703 illicitae.
1636 3665 1664 3702 n.
1678 3657 1720 3701 st.

230 3739 364 3809 Princeps
375 3735 498 3806 exsucta
512 3735 594 3804 legati
602 3730 750 3788 secundnm
760 3741 882 3784 tenorem
893 3725 1048 3782 instructio·
1097 3717 1160 3772 Nt’tt'
1169 3724 1309 3775 ttoetttrtl
1320 3725 1495 3782 ratihabitio.
1507 3745 1535 3782 n.
1550 3739 1592 3784 ts.

268 3821 312 3875 nis
324 3819 474 3890 obligatur.
485 3836 513 3868 n.
530 3827 569 3868 tt.
1103 3801 1154 3860 Vel
1164 3821 1249 3892 cansa
1262 3807 1337 3863 ualde
1349 3807 1483 3878 illipuidu.
1499 3829 1526 3866 n.
1542 3821 1585 3867 tc.

232 3904 320 3958 aaut.
330 3901 470 3972 generales
481 3900 622 3953 lr'tcrarum
634 3897 850 3953 credentialium.
865 3913 893 3950 n.
907 3906 947 3951 ts·
960 3915 1016 3968 seq.
1100 3893 1181 3960 Hesp·
1195 3893 1233 3948 acl
1243 3893 1263 3945 i·
1280 3892 1346 3962 mff.
1357 3893 1383 3947 d·
1396 3895 1475 3968 offic.
1486 3914 1564 3968 proc.
1576 3915 1646 3953 coes.
1657 3915 1685 3951 n.
1700 3910 1741 3952 tt.
1765 3927 1769 3934 ·

230 3986 326 4041 auur.
338 3985 372 4038 de
383 3993 444 4036 nato
457 4000 493 4036 an
507 3991 534 4034 et
544 3979 656 4050 quando
669 3980 844 4034 mcessuriai
859 3991 900 4034 ts.
912 3995 968 4052 sep.
1099 3973 1188 4030 Facta
1204 3975 1337 4048 ffemtts
1354 3990 1435 4035 cetra
1455 3981 1578 4054 officium
1591 4001 1647 4039 non
1662 3985 1750 4056 lr'garn
1757 3986 1918 4058 principem.

230 4065 411 4124 Praaiscam
424 4068 454 4120 in
466 4062 746 4134 publicisetprivatis
755 4066 842 4118 musis
853 4065 992 4136 recepitne
1005 4069 1046 4116 st.
1135 4080 1163 4114 n.
1178 4072 1220 4117 tt.

230 4133 363 4210 mauruli
374 4151 409 4205 de
419 4158 483 4203 rato
497 4148 636 4204 interdum
644 4161 714 4216 pura
727 4157 776 4199 est.
787 4164 815 4198 n.
834 4157 874 4199 tt.
1098 4146 1159 4200 Nisi
1166 4149 1279 4218 probata
1292 4151 1423 4206 versione.
1440 4169 1469 4205 n.
1484 4161 1526 4206 ts.

231 4237 371 4294 Interdum
384 4244 460 4289 certo
473 4242 591 4298 tempore
603 4229 817 4298 circumscripto.
829 4247 857 4280 n.
874 4240 914 4282 ts.
1034 4287 1041 4308 Ι
1099 4229 1187 4285 Facta
1200 4231 1264 4304 reip.
1275 4237 1441 4303 periculosa,
1453 4239 1564 4292 etiamsi
1572 4235 1697 4309 feliciter
1707 4240 1849 4306 cesserint,
1867 4254 1916 4310 ptr·

229 4322 328 4396 legati
344 4319 477 4374 tutissime
494 4315 933 4383 contrabant,siratiiiaationem
942 4315 1045 4388 princi·
1135 4316 1246 4370 rtiendo.
1259 4337 1287 4370 n.
1304 4331 1347 4373 so.

264 4405 566 4473 recrementum.
1096 4401 1183 4455 Facta
1200 4405 1260 4457 sine
1277 4401 1407 4458 mandato
1419 4403 1567 4476 principem
1585 4421 1642 4460 non
1660 4408 1808 4477 stringunt.
1825 4423 1853 4459 n.
1875 4419 1916 4462 tt.

230 4487 279 4542 Ee
289 4487 401 4558 speciali
410 4485 541 4539 mandato
553 4485 637 4555 legati
645 4483 767 4553 princeps
778 4493 896 4537 tenetur.
909 4501 936 4536 n.
949 4493 991 4536 tt.
1130 4505 1202 4559 seqq.

236 4575 311 4644 Quid
319 4573 345 4626 st'
354 4573 442 4626 libera
453 4571 635 4628 concludendi
640 4581 757 4638 poteslas
768 4570 865 4638 legato
880 4567 951 4620 dala.
962 4586 987 4621 tt.
1004 4577 1046 4622 ²2.
1094 4573 1142 4625 Ars
1159 4573 1291 4644 prr'rroeps
1304 4583 1401 4626 contra
1418 4571 1511 4639 t'littm3
1524 4571 1573 4644 pus'
1582 4589 1643 4628 cum
1657 4571 1780 4629 ministro
1802 4586 1913 4632 eontra.

233 4661 316 4714 Bona
323 4659 387 4732 fide
398 4661 449 4713 lioc
459 4675 523 4712 casu
535 4657 639 4726 legatur
651 4654 755 4712 uersari
765 4652 847 4705 debet.
861 4661 945 4705 nusi.
1130 4655 1186 4721 eit,
1199 4659 1332 4712 aaronem
1345 4657 1467 4711 babeat?
1480 4675 1508 4709 n.
1523 4668 1565 4712 ss.

231 4741 415 4799 Excludenda
427 4758 533 4812 qaoque
543 4737 681 4808 conruptio
691 4738 821 4808 principis
828 4738 961 4792 extranei.
967 4755 994 4789 n.
1004 4746 1045 4790 rt.
1095 4739 1232 4808 Negatiua
1241 4743 1375 4812 probatur
1393 4743 1519 4814 exemplo
1538 4741 1678 4798 institoris.
1692 4761 1719 4800 n.
1734 4755 1778 4801 ss.
1791 4761 1846 4820 sep.

236 4827 309 4897 Quid
324 4829 350 4880 si
365 4825 469 4896 legatus
487 4824 582 4877 literas
599 4821 753 4882 credentiae
770 4821 924 4890 generales,
944 4825 1046 4878 instru-
1097 4825 1135 4878 Et
1143 4825 1341 4892 procuratoris.
1355 4843 1381 4876 n.
1396 4837 1439 4879 ss.

266 4911 383 4964 ctionem
396 4926 466 4962 vero
475 4908 621 4978 specialem
634 4907 741 4972 babeat,
749 4905 878 4979 hujusque
887 4907 987 4962 limites
997 4927 1044 4962 etc·
1096 4907 1230 4980 Exceptio
1243 4909 1273 4961 in
1286 4921 1408 4984 unoque.
1423 4931 1451 4964 n·
1464 4921 1507 4965 59.
1518 4927 1574 4983 seq.

265 4999 351 5052 cedat.
365 5015 394 5050 n.
408 5007 531 5067 imaeqp.
1097 4993 1260 5061 Applicatnr
1271 4993 1310 5048 ad
1320 4995 1477 5068 principem.
1489 5015 1515 5050 n.
1533 5009 1574 5056 st.

233 5083 315 5137 Gesta
329 5079 477 5135 ministrer.
488 5097 551 5135 cunr
562 5075 664 5134 subdite
674 5077 800 5150 obligant
809 5079 927 5151 princip.
939 5097 968 5134 n.
984 5087 1024 5132 ta.
1094 5077 1256 5142 Simpliciter
1267 5079 1329 5134 leuia
1339 5082 1584 5137 concedituractio.
1599 5103 1626 5137 n.
1642 5093 1685 5140 tt.

230 5167 375 5223 Probatur
386 5165 513 5234 exemplo
526 5173 747 5236 procuratorum.
763 5181 791 5214 n.
806 5174 848 5216 tt.
1096 5161 1170 5215 Jura
1182 5163 1214 5216 de
1225 5179 1281 5216 non
1292 5167 1449 5233 quaerenda
1471 5167 1552 5221 alteri
1562 5167 1745 5240 obligatione,
1764 5171 1845 5226 lloclie
1862 5189 1919 5228 non

235 5249 489 5307 Utetinstitorum.
503 5267 531 5302 n.
548 5260 590 5300 tt·
624 5249 631 5261 '
1132 5241 1319 5302 attenduntur.
1333 5267 1359 5302 n.
1377 5261 1419 5302 st.

235 5337 302 5391 Cum
315 5333 414 5408 quibus
428 5333 552 5386 ministri
560 5340 766 5402 comparantur.
779 5348 806 5384 n.
820 5341 860 5383 tt.
1102 5329 1138 5383 tn
1148 5347 1184 5382 ea·
1193 5331 1273 5400 fizcto
1289 5333 1405 5386 ministri
1415 5333 1547 5406 obligetur
1554 5339 1682 5410 princeps
1689 5379 1699 5406 ,
1719 5357 1776 5394 non
1790 5359 1857 5412 opus
1877 5350 1917 5396 ett

229 5420 343 5476 Instrior
353 5437 409 5474 non
424 5415 577 5470 indistincte
588 5426 799 5488 praeponentem
813 5415 924 5488 obligat.
939 5433 966 5469 n.
983 5424 1026 5467 st.
1120 5413 1211 5482 ⁸lnq'us
1222 5415 1342 5488 scientia.
1358 5437 1386 5468 n.
1403 5431 1443 5472 ss.

228 5503 343 5556 Pariter
354 5519 403 5555 nec
411 5499 559 5569 principem
571 5497 715 5570 officiales.
730 5517 757 5553 n.
771 5511 828 5554 st.¹
1094 5493 1205 5568 Sufficit
1220 5499 1395 5572 praepositio.
1415 5522 1450 5556 n.
1464 5515 1507 5564 se.
1525 5521 1581 5576 seq.
1655 5551 1660 5558 .
1743 5545 1747 5552 .
1910 5563 1919 5576 ⁴

233 5583 370 5654 officialis
383 5586 411 5640 in
426 5583 482 5649 bis,
495 5601 564 5652 quae
577 5593 657 5636 retra
669 5584 877 5644 instructionem
888 5582 971 5656 gerit,
986 5596 1042 5634 non
1097 5581 1264 5652 Explicatur
1273 5586 1289 5636 l.
1308 5597 1330 5636 t.
1343 5583 1470 5656 §.finffi
1483 5585 1516 5641 de
1528 5587 1605 5656 ossio.
1615 5608 1691 5658 proc.
1702 5609 1773 5647 caes.
1788 5613 1814 5648 n.
1830 5608 1872 5652 st.

264 5667 363 5743 obligat
372 5669 530 5744 principem.
542 5687 569 5723 n.
583 5675 624 5746 tl·
698 5669 700 5676 ⁴
1094 5663 1273 5739 Silrprrlnritus
1284 5671 1362 5748 irajni
1374 5683 1463 5728 textus
1475 5675 1624 5730 arldncitnr.
1639 5695 1666 5730 n.
1684 5691 1725 5732 ss.
