4436 6264
418 259 471 314 tos
772 257 778 270 ’
954 255 1143 314 ΒΙδΡῦΤιΤ.
1160 253 1260 311 xttttt.
1279 255 1404 314 CAPUT.
1423 260 1469 314 Vl.
1944 257 1995 322 dol

361 365 407 437 qul
427 363 478 417 scit
495 357 654 414 alienantem
672 370 725 409 non
744 369 821 426 posse
845 351 899 405 nisi
917 349 1023 404 debitis
1049 349 1180 402 adhibitis
1234 367 1285 420 que
1303 351 1401 404 delicta
1427 351 1590 422 paenitentia
1621 353 1810 424 perimuntur,
1830 353 1849 406 l.
1867 361 1910 406 tt.
1927 349 1949 424 5.
1968 366 1992 406 s.
2008 353 2043 408 ad

362 443 578 504 solemnitatibus
594 441 725 501 alienare,
746 457 805 508 erg.
824 439 842 492 1·
862 449 904 490 tt.
923 459 945 492 c.
965 436 999 489 de
1019 437 1100 488 enict.
1123 435 1140 486 l.
1157 443 1180 486 t.
1232 436 1249 488 t.
1264 436 1315 505 jai.
1341 437 1514 491 udradait-1.
1535 457 1579 490 nn.
1598 457 1622 491 e·
1641 439 1673 492 de
1697 451 1745 492 rat.
1770 439 1818 491 asel
1839 455 1895 492 cnr.
1919 439 2041 508 vectigal.

296 558 327 600 ῃ
366 551 390 587 c.
410 529 566 588 eomnauns'c
587 525 727 596 utriusque
739 523 824 594 jandin.
843 521 911 592 qnod
930 521 995 574 adeo
1014 538 1106 574 serum
1119 521 1180 584 erit,
1231 517 1343 572 rendae.
1371 522 1467 574 norell.
1499 531 1555 574 stt.
1581 539 1639 588 cap.
1661 533 1684 575 ι.
1703 533 1730 577 et
1748 525 1823 578 autb.
1841 523 1995 596 nunejurs,
2016 539 2036 576 c.

364 627 395 670 nt
412 633 461 670 nee
479 613 512 669 ed
533 609 649 684 pretium
670 606 840 678 repetendum
860 616 963 678 emptor
981 623 1012 658 eo
1031 623 1091 657 casn
1104 620 1181 672 egere
1232 605 1264 658 de
1281 621 1360 668 noers.
1373 605 1438 677 jud.
1455 606 1504 674 pai
1521 606 1596 662 mele
1607 606 1694 678 judie.

363 701 448 772 possit
461 713 511 768 pet·
523 696 572 751 cll.
584 704 651 746 tems.
666 693 756 761 ibique
770 691 967 746 Brunnemnnn.
981 688 1181 758 uterque-enim
1269 689 1428 741 Addendusn
1442 689 1557 754 bs'cest,
1576 688 1647 759 quod
1666 689 1745 743 etiarn
1764 687 1851 743 scriba
1863 689 2046 752 sennntsrlas,
2077 705 2099 748 tt
2155 721 2158 728 ι

361 783 466 854 qssetnle
486 781 554 836 mala
571 776 626 833 fide
644 777 698 848 agit
726 779 822 830 melior
840 787 879 828 est
898 793 975 830 censa
1000 772 1181 844 possidentis,
1231 771 1275 842 qui
1289 773 1378 825 sciens
1396 789 1475 842 snpcr
1492 774 1652 826 alienatione
1665 790 1750 826 rerum
1766 773 1882 826 civitatis
1896 772 1987 826 ttttetn
2006 773 2045 824 in·

363 866 507 920 Conseri.
528 877 593 920 ιο.
615 874 654 914 tr.
675 879 701 914 n.
722 872 747 913 t.
767 861 915 931 Tirnqnell.
933 859 967 912 de
986 867 1092 910 retinet.
1115 873 1181 910 een·
1233 869 1412 912 strumentum
1439 856 1563 922 conficit,
1588 859 1679 928 puniri
1699 859 1801 914 debeat·
1819 858 1920 910 Testns
1943 855 2043 927 quidese
2076 848 2097 888 ¹⁶
2159 845 2160 848 ¹

362 965 461 1018 sanga.
474 955 496 1010 §-
513 958 553 998 ιι.
565 947 647 1017 gloss.
664 957 685 997 s.
699 963 727 996 n.
743 956 783 996 ts.
1232 942 1283 1012 teg.
1302 954 1370 996 nost.
1391 955 1415 995 t.
1434 943 1511 1012 bajus
1529 959 1631 1014 poenae
1654 943 1818 996 mentionem
1838 959 1892 995 non
1913 942 1995 1004 iecit,
2011 951 2047 995 at·

401 1031 549 1084 Posteriori
567 1047 627 1082 essu
648 1028 691 1080 nbi
713 1046 761 1097 per
780 1024 1010 1080 administratores
1025 1023 1113 1078 minus
1128 1029 1180 1076 ste·
1234 1037 1321 1080 tamen
1342 1029 1402 1098 quia
1423 1027 1544 1080 notarius
1561 1044 1644 1098 snper
1661 1035 1794 1079 contractu
1811 1023 1912 1079 debitis
1929 1025 2048 1078 solemni·

364 1115 412 1176 ills
431 1130 482 1182 tl⁰⁰
501 1113 607 1164 ‘debut‘
629 1113 810 1164 wltmttsst'tt
835 1110 1030 1171 ⁰b⁵ttttttlttrs
1050 1105 1180 1160 sententia
1236 1113 1331 1166 tatibus
1352 1112 1419 1165 band
1438 1111 1568 1165 celebrato
1594 1107 2046 1173 instrumentumtactem,satsua
2159 1109 2161 1176 Ι

364 1197 471 1262 Losaei‚
490 1214 569 1266 qnam
588 1196 666 1248 etiem
686 1205 758 1247 tenet
778 1194 877 1248 Bartol.
896 1194 932 1246 sd
944 1195 963 1245 Ι·
979 1187 1051 1259 ⁵·ff·
1070 1189 1181 1258 quande
1231 1199 1399 1250 committere
1417 1196 1541 1260 dicitur,
1560 1196 1615 1251 sid.
1633 1197 1743 1250 'lassare
1764 1196 1795 1248 de
1806 1205 1911 1266 peceat.
1929 1201 2049 1248 τίθη-ον.

361 1280 480 1350 cefisos.
500 1291 583 1334 testor.
602 1279 733 1348 sequenda
759 1279 830 1341 erit,
849 1295 907 1332 curn
932 1277 1034 1330 nemini
1058 1271 1180 1328 cilicium
1232 1290 1288 1332 not.
1308 1299 1365 1350 nep.
1386 1293 1410 1333 s.
1431 1281 1528 1334 merito
1552 1290 1582 1332 ut
1607 1278 1728 1333 falsarius
1748 1279 1839 1348 puniri
1860 1275 2043 1346 pateam..

364 1385 440 1420 suum
461 1366 617 1419 damnosum
636 1363 819 1427 essealebeat,
838 1363 856 1414 i.
877 1361 951 1430 ιβ’.
972 1371 1181 1428 testamquem.
1231 1365 1282 1415 rin.
1301 1365 1396 1416 censii.
1419 1374 1518 1417 tst.n.
1539 1362 2046 1433 nesseqqt'atsartommautempee
2079 1363 2102 1404 ll

365 1451 476 1508 edmod.
495 1470 541 1521 up.
561 1452 580 1503 1.
602 1461 644 1502 st.
661 1446 685 1518 §-
705 1462 727 1500 s.
737 1447 779 1516 ff.
797 1449 829 1500 de
838 1447 913 1517 sart.
931 1457 957 1500 et
976 1444 1135 1514 generaliter
1149 1443 1182 1494 dc
1233 1463 1265 1496 ιιιι
1279 1448 1400 1517 quamvis
1419 1447 1528 1518 dejure
1550 1445 1692 1501 arbitraria
1712 1463 1767 1500 esse
1786 1445 1924 1510 rideatur,
1938 1441 1971 1496 ad
1985 1459 2049 1496 mor·

366 1555 398 1588 eo
414 1535 482 1605 quod
500 1537 561 1604 qnls
580 1533 661 1602 gessit
678 1541 706 1584 ut
726 1531 950 1594 administrator,
969 1527 1046 1580 littita
1066 1525 1182 1578 arimini·
1236 1531 1270 1582 tis
1292 1542 1378 1584 tamen
1399 1533 1479 1586 etiam
1495 1533 1571 1602 suppl
1584 1532 1663 1582 icium
1678 1548 1741 1594 ⁴eanr
1761 1529 1870 1584 estendi
1885 1545 1963 1600 posse
1982 1529 2053 1582 docet

370 1622 485 1673 tentione
511 1637 564 1672 ιιοιι
591 1625 729 1679 tenuntur,
754 1615 825 1669 Bart.
845 1615 883 1669 ad
900 1615 946 1667 all.
966 1613 982 1664 l.
1004 1625 1027 1664 s.
1047 1609 1103 1662 uec
1121 1626 1183 1662 cou-
1232 1613 2049 1669 Glorninl.t.e.deimnmnitmern.canceri.lnnestrobos
2083 1614 2105 1654 lt

295 1756 300 1764 ,
366 1705 473 1756 trartart
493 1711 581 1773 potest
600 1701 618 1751 l.
637 1711 679 1750 ts.
689 1697 731 1767 ff.
750 1699 783 1750 de
799 1709 937 1766 procur-nt.
958 1711 1024 1763 qnae
1043 1711 1090 1763 tarn
1110 1702 1183 1745 tuest·
1234 1718 1293 1754 casu
1310 1699 1415 1769 quaudo
1434 1702 1642 1755 instrumentum
1663 1715 1742 1768 super
1760 1715 1789 1752 re
1806 1695 1922 1750 nisit-tis
1939 1696 2051 1750 indebite

366 1787 398 1838 da
418 1787 550 1839 contraria
569 1783 697 1854 opinione
722 1784 873 1852 plerumque
892 1782 958 1834 solet
978 1780 1104 1848 allegari,
1124 1792 1181 1828 eunt
1234 1787 1346 1840 attonat.
1365 1785 1518 1852 mirficitnr,
1536 1804 1620 1858 poena
1638 1787 1741 1855 prasion
1776 1786 1821 1838 ris
1839 1786 1924 1838 locum
1945 1782 2056 1844 babebit,

365 1873 409 1924 illa
429 1873 552 1940 loquetur
571 1869 603 1921 de
621 1887 652 1921 eo
670 1885 731 1921 casu
751 1867 796 1920 ubi
816 1865 876 1935 quis
895 1863 1007 1934 proprio
1028 1861 1137 1914 nomine
1157 1869 1183 1910 et
1234 1887 1311 1938 qum
1333 1869 1444 1922 ipsunt,
1463 1882 1485 1923 ,Ι
1506 1869 1654 1940 ,ωρῃιῃῑο
1674 1887 1780 1934 mmm,
1799 1885 1860 1920 eum
1892 1867 1991 1919 ,imina
2004 1885 2058 1937 9⁰*

369 1971 398 2008 ⁸0
417 1955 506 2025 ipsnsn
526 1953 667 2022 ΟΜὶιΝἷΙι
686 1949 873 2018 ὶᾶιῑῑῑηεθῠιῐῠ
899 1949 971 2002 enim
998 1943 1079 1998 fidem
1108 1961 1182 1996 ettam
1235 1967 1266 2003 ue
1286 1951 1321 2002 nb
1341 1952 1551 2004 instrumentum
1571 1968 1652 2022 snper
1670 1951 1748 2004 feudo
1768 1951 1865 2003 illicite
1884 1951 2001 2004 alienato
2019 1949 2052 2000 la·

369 2039 504 2108 propriam
525 2033 595 2088 fines
614 2035 727 2088 mandati
748 2045 774 2086 et
792 2035 920 2086 terminos
933 2029 1018 2086 officii
1033 2041 1183 2100 procurato·
1235 2046 1327 2098 ctum,
1347 2036 1451 2088 notario
1473 2036 1638 2100 dicteturd.
1658 2034 1884 2106 t.firrd.tr't.st.
1907 2037 2054 2106 ts.Qtsstts·
2088 2047 2108 2085 tt

368 2137 409 2171 res
429 2119 468 2170 sel
488 2118 718 2172 administratores
732 2117 881 2178 excedunt,
901 2115 1024 2167 Menoeis.
1044 2129 1119 2166 eonas.
1139 2125 1181 2166 st·
1240 2117 1280 2170 sis
1295 2117 1374 2170 bodie
1394 2118 1446 2170 boc
1464 2119 1551 2188 ipsum
1570 2119 1679 2173 arbitrio
1699 2119 1795 2186 judicis
1818 2121 1915 2173 rectius
1928 2121 2054 2191 relinque·

367 2221 394 2252 n.
408 2213 449 2252 ιι.
466 2201 545 2256 noer.
562 2201 639 2254 aecta
660 2212 718 2254 ιιι.
733 2220 766 2255 ιι.
787 2213 810 2252 s.
829 2198 919 2252 eadem
939 2215 1041 2269 quoqne
1056 2197 1184 2250 facilitate
1241 2207 1306 2264 tur,
1326 2201 1365 2252 uti
1384 2217 1436 2252 non
1454 2199 1565 2254 obscure
1582 2201 1703 2256 innuitur
1720 2221 1770 2272 per
1809 2204 1997 2260 constituente
2012 2221 2057 2257 ne-

368 2285 537 2352 rejicitur,b
561 2293 583 2336 t.
601 2285 623 2349 §.
640 2281 714 2351 ²·ff·
734 2281 935 2336 decimentur.
954 2298 1046 2334 rerum
1066 2279 1103 2331 ud
1118 2276 1187 2330 cinit.
1238 2285 1326 2338 sartis.
1345 2285 1456 2336 Μιιιιιι,
1483 2284 1517 2336 da
1541 2303 1618 2340 anno
1650 2297 1726 2338 tsts.
1745 2283 1768 2358 5.
1790 2285 1831 2338 Ee
1856 2285 1892 2339 iss
1916 2289 1988 2340 «μοι
2011 2288 2053 2340 ein

365 2371 513 2440 pertinent.
530 2386 589 2422 num
609 2367 708 2422 ibidem
727 2366 838 2439 pectini!
856 2365 946 2418 mimo
960 2383 987 2417 se
1001 2362 1187 2436 principaliter
1238 2371 1369 2423 notarim.
1388 2379 1414 2422 et
1432 2377 1453 2430 §.
1472 2369 1650 2423 denenseiberr
1668 2370 1751 2424 nach,
1771 2373 1959 2443 Quaecumque
1975 2382 2056 2424 autem

366 2454 501 2522 obligandi
529 2454 584 2506 imo
601 2452 714 2508 necandi
733 2452 864 2523 promissa
882 2449 1009 2516 dicatur,
1029 2449 1100 2504 Bart.
1116 2447 1153 2502 ad
1169 2447 1188 2498 l.
1238 2451 1363 2504 hactenus
1384 2453 1417 2504 sle
1436 2450 1529 2506 effecte
1548 2453 1748 2507 solemnitatum
1767 2455 1817 2524 leg.
1836 2467 1907 2508 nost.
1930 2469 1954 2510 s.
1977 2455 2053 2509 tradi·

368 2550 392 2590 s·
412 2547 433 2601 ς.
455 2550 478 2590 ι.
486 2536 528 2607 ff
549 2537 583 2592 de
601 2537 672 2591 adm.
688 2557 740 2590 rer.
756 2535 928 2603 adcinpert.
1239 2535 1345 2602 dimus,
1366 2537 1453 2588 locum
1474 2553 1526 2590 non
1545 2537 1695 2600 habebunt,
1713 2543 1821 2609 qnando
1846 2555 1888 2592 res
1912 2541 1978 2593 illae
1994 2541 2054 2593 eiri-

407 2622 545 2676 Praeterea
564 2623 744 2676 ‹teeoasensu
763 2621 920 2692 principis,
946 2634 1024 2688 quesn
1052 2631 1130 2686 supra
1155 2613 1187 2668 ad
1238 2618 1299 2672 tatis
1316 2622 1369 2688 jem
1389 2620 1545 2674 attanatttes
1568 2622 1652 2674 tactae
1669 2633 1746 2686 sent,
1766 2633 1793 2677 et
1811 2625 1892 2677 semel
1909 2641 1970 2677 cum
1990 2624 2055 2678 debi-

368 2705 706 2762 alienandaeresciritatis
725 2706 826 2776 requiri
846 2704 984 2766 ttrtmus,
1004 2699 1071 2755 illud
1090 2710 1185 2754 notan·
1241 2706 1277 2760 tis
1295 2707 1516 2761 solemnitatibus
1534 2707 1671 2762 alienatae.
1696 2707 1805 2763 Sufficit
1828 2711 1902 2764 enim
1925 2712 2056 2765 alienatio·
2088 2719 2112 2758 tt

368 2789 431 2842 dum
451 2790 497 2843 bie
515 2801 573 2856 est,
590 2792 661 2861 quod
681 2789 826 2844 secundum
846 2789 958 2841 Decian.
977 2804 1046 2854 resp.
1060 2795 1083 2836 t.
1098 2785 1149 2840 nol.
1165 2797 1189 2838 t.
1239 2805 1300 2843 nem
1319 2790 1352 2843 ab
1370 2792 1450 2845 initio
1469 2792 1597 2857 relisisse,
1612 2810 1671 2846 enm
1691 2803 1780 2862 postea
1793 2811 1835 2848 ree
1848 2794 1911 2848 illae
1921 2811 1973 2867 pro
1985 2798 2056 2849 rebus

366 2873 467 2928 Civitas
485 2876 545 2943 jure
562 2892 609 2927 suo
625 2873 716 2938 eadat,
735 2873 762 2925 id
779 2881 838 2937 est,
858 2889 887 2926 se
906 2871 1028 2924 cisitatis
1047 2869 1167 2939 privetur
1180 2905 1188 2935 ‚
1236 2874 1351 2928 civitatis
1362 2875 1478 2948 amplius
1492 2893 1544 2930 non
1558 2887 1732 2948 reputentur,
1745 2878 1887 2933 seeundum
1901 2881 1981 2935 stara
1994 2879 2054 2934 ue·-

365 2955 470 3027 qunndo
488 2958 562 3008 illam
581 2956 730 3010 inconsulto
741 2957 865 3027 principe
877 2955 993 3017 alienat,
1007 2969 1057 3022 pro
1069 2970 1119 3021 qua
1131 2953 1188 3022 opi·
1239 2961 1292 3032 pol.
1304 2959 1398 3032 digest.
1413 2961 1511 3015 nonus.
1523 2971 1588 3016 tom.
1604 2973 1629 3014 s.
1641 2963 1682 3014 rs't.
1695 2963 1840 3016 alienatio.
1855 2981 1877 3017 a.
1894 2974 1936 3018 tt.

367 3040 447 3092 stione
473 3039 633 3094 slsbilleudtt
657 3039 753 3108 allegat
776 3038 795 3090 i-
808 3038 867 3110 fist.
886 3055 909 3090 c.
926 3037 961 3090 de
979 3037 1047 3109 jure
1072 3039 1188 3108 empltyt·
1273 3046 1363 3099 Restat
1382 3044 1484 3109 adhuc,
1504 3055 1532 3096 ut
1555 3043 1700 3108 rideamus,
1719 3043 1915 3114 qttaeaetiotm
1928 3055 2055 3118 ωιῃμιο.
2087 3051 2109 3090 st

367 3129 468 3180 lies-uns
489 3125 609 3194 quamtis
629 3125 678 3178 boo
701 3125 736 3178 ob
755 3131 938 3194 contemptum
964 3121 1116 3193 principis,
1142 3121 1189 3193 qui
1239 3143 1266 3178 re
1286 3127 1390 3198 possint
1405 3127 1560 3182 civitatibus
1579 3145 1628 3198 pro
1647 3127 1835 3198 recuperandis
1848 3129 1929 3182 rebus
1941 3147 1974 3183 ex
1987 3147 2055 3202 prae-

370 3210 424 3280 ipsi
444 3227 492 3280 per
511 3209 699 3264 alienationem
717 3207 846 3278 ejusmodi
865 3203 925 3260 fieri
945 3205 1072 3272 ridetur,
1098 3223 1189 3260 esem·
1238 3211 1338 3280 scriptn
1356 3212 1406 3280 leg.
1424 3222 1494 3264 nest.
1519 3225 1544 3265 s.
1568 3229 1623 3265 nou
1645 3209 1787 3266 alienatis?
1811 3211 1971 3284 competere
2000 3215 2054 3268 illis

369 3296 414 3366 plo
431 3294 602 3348 alienationis
620 3294 843 3363 emphytheuseos
861 3292 900 3347 rel
919 3292 998 3344 etiam
1020 3292 1057 3342 rei
1078 3290 1189 3344 leudastis
1240 3311 1315 3364 posse
1335 3295 1531 3350 condictionem
1550 3295 1609 3350 sine
1622 3313 1717 3362 caess,
1738 3297 1914 3362 tritienriam,
1929 3300 1968 3354 rel
1982 3305 2055 3355 etiam

371 3392 439 3434 recte
459 3397 486 3434 se
505 3381 602 3431 babere
627 3379 764 3438 rideaturr
785 3385 907 3430 attamen
927 3391 978 3428 non
999 3369 1123 3428 sulficere
1142 3394 1188 3446 pu-
1238 3379 1435 3434 condictionem
1455 3379 1569 3436 indebiti
1587 3380 1620 3434 ad
1639 3381 1846 3451 recuperandam
1866 3385 2056 3452 possessionem

368 3475 469 3528 sarnus,
490 3476 519 3516 nt
536 3463 629 3518 ciritae
649 3468 809 3515 contractum
831 3460 919 3530 ipsum
938 3458 1127 3522 celebraverit,
1145 3459 1190 3512 sed
1240 3467 1362 3522 iuuabit.
1382 3471 1553 3529 transsatam,
1572 3479 1662 3520 metor·
1679 3477 1722 3520 eat
1749 3465 1908 3520 mammet,
1933 3485 2009 3522 eom,
2037 3481 2058 3520 t.

367 3548 662 3619 insuperrcquiritur,
682 3555 711 3598 ut
730 3561 786 3599 rem
805 3544 923 3599 ciritatis
941 3545 1083 3597 actualiter
1108 3545 1189 3596 tradi·
1239 3569 1267 3604 n,
1288 3561 1332 3604 ιι,
1352 3552 1408 3604 vat.
1428 3563 1452 3602 a.
1470 3555 1570 3604 Verum
1589 3551 1651 3621 quia
1669 3549 1821 3619 praedictae
1838 3553 1957 3606 actiones
1972 3569 2057 3624 perse·
2090 3544 2112 3586 ⁸²

371 3633 455 3698 derit,
469 3634 568 3703 qnippe
582 3630 728 3684 traditione
740 3628 847 3682 demum
867 3627 934 3680 lacta
953 3628 1047 3680 ciritae
1064 3638 1187 3697 quantum
1240 3637 1312 3688 tute,
1330 3645 1410 3700 mut,
1428 3643 1456 3688 et
1475 3651 1529 3688 non
1544 3633 1662 3688 dominia
1676 3635 1787 3699 amtor,
1801 3635 2003 3707 mantumque
2015 3647 2059 3702 ω,

368 3719 398 3768 in
409 3733 436 3769 ⁵⁸
449 3727 506 3779 etl·
521 3732 577 3768 rem
590 3715 705 3774 'flentis
718 3714 861 3766 silentium
874 3713 946 3765 enim
962 3730 1013 3766 uon
1029 3713 1135 3782 ttt'optit
1148 3712 1189 3763 di·
1238 3728 1268 3770 ut
1285 3719 1376 3774 ciritae
1394 3735 1451 3770 rese
1470 3717 1555 3789 ipsam
1573 3727 1765 3788 persequatur,
1786 3719 1877 3788 reique
1896 3719 2058 3774 vindicatio·

370 3807 441 3858 citur
453 3805 525 3874 qnod
543 3803 628 3858 adbuc
642 3803 670 3854 in
684 3799 804 3854 duminio
823 3798 965 3853 alienantis
980 3807 1083 3860 manet,
1096 3795 1187 3864 arg-1·
1238 3819 1316 3866 nent,
1329 3811 1422 3872 utpote
1434 3801 1496 3870 quia
1523 3802 1672 3856 dominium
1687 3803 1726 3854 rei
1738 3801 1856 3856 civitatis
1867 3803 1926 3856 sine
1940 3807 2062 3860 solemni·

377 3905 419 3946 st.
425 3891 469 3959 ff.
480 3892 515 3944 de
528 3908 556 3942 n.
569 3907 591 3942 s.
611 3888 643 3942 Et
664 3889 722 3958 plus
736 3894 776 3939 est
790 3883 891 3938 tradere
903 3901 980 3954 quarn
995 3883 1124 3947 rendere,
1142 3883 1187 3951 qui
1240 3885 1334 3938 tatibus
1351 3885 1370 3936 l.
1388 3903 1414 3936 ιι.
1434 3886 1559 3940 alienatae
1585 3904 1638 3939 non
1664 3884 1841 3952 transfertur,
1867 3887 2004 3943 instituat:
2028 3907 2055 3944 ae
2095 3905 2116 3947 st

372 3977 465 4030 rendit
484 3977 522 4030 rei
542 3974 693 4026 dominium
712 3988 764 4024 non
784 3967 901 4032 abdicit,
918 3968 1023 4020 abdixit
1040 3980 1125 4020 antem
1143 3967 1189 4038 qui
1239 3968 1328 4022 cidere
1346 3969 1420 4021 enirn
1442 3980 1542 4040 potest,
1568 3978 1600 4022 nt
1619 3984 1660 4021 res
1685 3988 1699 4021 a
1726 3969 1814 4041 primo
1838 3970 1993 4040 acquirente
2016 3975 2064 4040 jaan

375 4062 498 4124 tradidit,
518 4059 570 4114 rid.
589 4057 743 4113 liusentbat.
764 4056 887 4124 defend·
907 4071 965 4122 cop.
980 4053 1132 4106 s.eonetm.
1151 4061 1191 4104 ts.
1239 4054 1335 4107 iterum
1353 4053 1467 4107 alienata
1486 4053 1538 4117 sit,
1556 4071 1609 4122 quo
1627 4069 1689 4106 essu
1701 4052 1865 4108 commodior
1877 4055 1949 4110 ectio
1961 4059 2007 4111 rix
2021 4075 2064 4108 su·

370 4165 397 4198 n.
418 4159 440 4200 s.
458 4143 677 4216 quemadmodum
698 4142 748 4193 boc
767 4140 847 4192 etiam
863 4139 895 4190 de
907 4137 1065 4190 alienatione
1079 4135 1192 4205 proprie
1241 4139 1350 4208 pererit,
1368 4156 1447 4208 quarn
1467 4137 1510 4191 rei
1530 4137 1685 4202 vindicatio,
1704 4154 1770 4207 quae
1789 4152 1842 4190 rem
1857 4155 1890 4190 ea
1901 4140 1961 4206 jure
1980 4140 2063 4192 domi·

372 4233 459 4295 dicta,
472 4249 524 4284 nou
539 4247 599 4287 rests
619 4229 651 4278 de
669 4223 892 4294 oppigneratione
911 4220 1111 4288 intelligendum
1126 4220 1190 4285 erit,
1241 4226 1280 4276 nii
1300 4246 1314 4276 ιι
1333 4223 1427 4294 queris
1447 4239 1601 4294 possessore
1620 4221 1737 4276 rindieat
1755 4235 1783 4275 et
1802 4224 1908 4292 repetit,
1921 4225 1940 4276 l.
1954 4237 1982 4278 s.
1996 4226 2014 4276 l.
2027 4234 2063 4274 st.

371 4321 433 4389 qnia
453 4319 482 4372 in
497 4317 652 4388 poenalibus
670 4315 762 4377 rerba,
782 4311 845 4382 quia
868 4309 959 4362 odiosa
987 4316 1065 4371 aunt,
1084 4306 1191 4378 proprie
1239 4305 1321 4377 ffide
1339 4327 1361 4361 r.
1380 4325 1408 4360 u.
1428 4307 1571 4379 Quomodo
1588 4317 1675 4360 autern
1693 4324 1725 4361 eo
1743 4324 1814 4370 casu,
1826 4306 1870 4358 nbi
1883 4309 1936 4377 jans
1950 4326 1999 4380 per
2013 4309 2060 4360 ali·
2094 4327 2116 4371 tt

373 4404 460 4473 accipi
474 4403 586 4468 debent,
601 4399 671 4456 conl.
685 4391 1120 4462 &crinem-adl·fitt·t·de1'ttre
1134 4407 1189 4443 em·
1240 4407 1303 4466 quot
1321 4413 1467 4450 annueres
1484 4396 1623 4450 eiritatum
1642 4395 1675 4448 ab
1693 4393 1755 4448 aliis
1774 4413 1910 4464 possessae
1929 4399 1995 4462 sins,
2014 4397 2058 4448 do·

373 4491 506 4560 plsyteu'tt
527 4488 566 4540 sic
590 4501 694 4556 qssuque
719 4499 830 4553 poenam
852 4481 917 4531 banc
935 4493 1038 4530 cettate
1056 4475 1189 4542 dicimus,
1242 4481 1356 4534 minium
1377 4479 1486 4552 probari
1507 4478 1612 4544 debeat,
1632 4479 1716 4533 tradit
1734 4478 1893 4532 Alexander·
1911 4479 1958 4532 att.
1977 4495 2058 4552 snpra

373 4575 477 4646 qnando
496 4583 553 4645 post
574 4569 666 4626 iactans
687 4568 859 4624 traditionem
886 4563 1072 4616 contrahentes
1099 4562 1190 4614 stetim
1241 4581 1316 4617 eona.
1336 4583 1362 4618 n.
1383 4574 1425 4617 tt.
1443 4563 1581 4617 Nimirum
1599 4579 1648 4632 per
1675 4571 1756 4616 testes
1783 4565 1968 4634 deponentes,
1993 4583 2062 4620 com·

374 4668 537 4714 acoutraetn
548 4663 729 4716 recesserunt,
748 4654 787 4705 rel
806 4650 900 4704 ciritae
919 4664 974 4700 rem
993 4647 1135 4699 alienatam
1150 4662 1191 4698 se·
1243 4665 1347 4701 munem
1365 4647 1522 4718 opinionem
1541 4657 1567 4702 et
1586 4645 1684 4700 lamam
1704 4661 1810 4717 semper
1837 4646 1919 4702 luisse
1945 4662 1969 4704 et
1994 4667 2062 4712 esse.

375 4745 489 4798 sensit:
504 4742 574 4811 quod
595 4758 653 4794 cum
667 4748 820 4794 contractus
839 4737 898 4788 sice
915 4748 1043 4784 consensu
1063 4730 1193 4802 principis
1240 4731 1342 4800 quoda
1362 4741 1480 4802 tempore
1504 4741 1612 4784 centum
1632 4747 1762 4782 annorum
1781 4733 1820 4784 rel
1835 4734 1905 4784 ultra
1917 4735 2063 4804 complete·

375 4830 411 4882 sit
430 4825 562 4880 invalidus
581 4826 634 4895 ipsi
660 4823 769 4886 licebits
785 4821 850 4873 licet
873 4818 947 4874 en'tm
971 4815 1135 4884 poenitentia
1155 4812 1192 4868 ia·
1243 4833 1319 4880 rum,
1338 4819 1410 4870 reia
1435 4825 1511 4869 tanto
1530 4825 1648 4886 tempore
1666 4816 1741 4879 euius
1770 4813 1798 4866 in
1823 4817 1987 4870 eontrarium
2014 4833 2064 4869 oon

376 4925 444 4965 ctum
463 4927 515 4962 non
530 4909 655 4962 reddatur
670 4906 817 4966 intinctum,
831 4901 948 4972 indeque
961 4899 1120 4969 regulariter
1131 4915 1194 4968 poe-
1243 4913 1326 4957 exstat
1345 4901 1482 4963 memoria,
1505 4901 1571 4955 bona
1590 4910 1617 4953 et
1634 4913 1676 4953 res
1696 4898 1757 4950 illae
1776 4900 1951 4967 spectaverint
1975 4900 2009 4954 ad
2027 4900 2063 4952 ci·

376 5013 409 5048 ns
428 4993 522 5048 delicti
540 4991 676 5045 commissi
694 4990 730 5042 ob
748 4986 941 5058 poenitentiam
961 4999 1014 5040 non
1033 4982 1192 5044 remittatur,
1242 4987 1360 5040 nitatem.
1379 4988 1410 5039 ln
1429 4983 1545 5054 antiquis
1562 4983 1636 5036 enisu
1650 4983 1726 5038 talem
1743 4983 1927 5052 probationem
1941 4983 2062 5038 sulficere
2099 5001 2120 5041 ss

375 5083 394 5133 Ι.
415 5075 508 5146 esst.
527 5079 559 5130 de
573 5077 647 5146 sart.
666 5075 684 5126 i.
702 5093 765 5144 pen.
782 5069 825 5139 ff·
850 5069 883 5122 de
900 5068 931 5120 vi
954 5069 1016 5120 bon.
1042 5077 1109 5138 rapt.
1129 5065 1193 5134 quia
1243 5072 1275 5123 ad
1295 5070 1460 5142 probandum
1478 5069 1638 5130 dominium,
1658 5066 2062 5138 probaturperc.oena'enr.d'.

377 5177 463 5219 tamen
481 5160 622 5216 eecutsdum
643 5159 767 5230 superius
785 5156 852 5210 dicte
867 5164 929 5206 tune
940 5151 1103 5205 civitas-retu
1117 5149 1193 5202 amit·
1243 5158 1277 5210 de
1294 5174 1316 5207 r,
1331 5157 1352 5224 j,
1373 5157 1482 5224 §.tynam
1501 5155 1529 5208 ιη
1548 5154 1567 5206 ι,
1586 5169 1649 5206 num
1667 5167 1758 5218 ηφηι,
1776 5169 1799 5204 0,
1817 5149 1851 5205 ιι,
1863 5170 1886 5206 r,
1899 5171 1929 5206 v,
1946 5152 2023 5206 num,
2034 5153 2060 5202 t,

378 5252 427 5314 tit,
441 5251 462 5302 si
477 5260 605 5317 quantum
625 5245 701 5298 inse
720 5251 760 5295 est
777 5256 834 5292 eam
854 5239 970 5300 alienet,
991 5235 1034 5286 bic
1055 5251 1116 5292 ¹sero
1136 5249 1192 5286 rem
1245 5243 1320 5294 aurs„
1338 5259 1405 5310 qua,
1425 5243 1554 5293 actione„
1573 5255 1598 5290 0,
1614 5237 1647 5290 de
1664 5249 1765 5288 sacrm,
1785 5237 1875 5290 epau,

375 5353 430 5388 non
451 5334 514 5387 relit
531 5331 690 5392 alienatam,
709 5335 788 5394 atque
801 5339 857 5374 curn
871 5321 899 5374 its
913 5319 1181 5387 continentirrcupe
1198 5383 1200 5388 ,
1281 5322 1350 5375 lllud
1370 5323 1484 5392 denique
1502 5319 1587 5374 edbue
1597 5315 1819 5401 quaerere‘lubet,
1834 5335 1867 5370 an
1881 5315 1985 5382 civitas,
1998 5335 2062 5387 quae
2094 5360 2116 5400 δε

376 5428 431 5480 ret,
452 5415 563 5486 perinde
580 5425 635 5476 est,
654 5430 684 5466 ac
698 5411 721 5464 si
740 5426 793 5462 non
815 5405 971 5468 tradiderit,
986 5420 1046 5472 arg·
1067 5403 1085 5452 l·
1105 5413 1147 5457 ts.
1157 5399 1194 5470 ff·
1245 5405 1376 5475 ignorarit
1394 5405 1580 5458 alienationem
1600 5399 1715 5468 iniringi
1736 5415 1828 5468 posse,
1846 5415 1881 5451 ex
1893 5399 1979 5466 eapite
1993 5399 2061 5465 ignu-

377 5503 409 5556 de
419 5511 490 5570 μασι.
503 5501 530 5551 in
544 5495 692 5550 continenti
712 5501 799 5546 antean
816 5506 970 5560 recuperare
988 5487 1097 5548 dicitur,
1110 5503 1193 5555 quan·
1246 5492 1363 5552 raetiae,
1383 5501 1474 5542 nosrtra
1494 5483 1736 5558 praescriptionem
1754 5498 1820 5552 quae
1833 5482 1943 5534 durante
1958 5481 2004 5534 illa
2019 5483 2064 5534 ian·

377 5587 410 5638 do
430 5587 481 5654 ipsi
502 5583 571 5640 uilrii
590 5584 675 5634 adbuc
693 5578 855 5646 quaestionis
881 5585 982 5632 motum
1003 5579 1061 5633 est,
1081 5569 1193 5642 ideqque
1244 5578 1313 5647 plata
1334 5574 1401 5640 init,
1421 5574 1528 5628 restitui
1548 5566 1661 5630 debeat?
1680 5570 1791 5622 Summo
1815 5567 1924 5637 quidem
1949 5568 2008 5634 jure
2034 5581 2062 5618 es
2096 5594 2118 5636 Η

376 5677 476 5730 ciuitati
497 5676 572 5727 senia
592 5664 755 5724 cnrrtetlcnda
777 5666 849 5732 crit;
870 5665 938 5718 sient
957 5668 985 5712 et
1004 5659 1055 5710 alia
1076 5657 1189 5725 quando·
1247 5663 1334 5732 capite
1351 5660 1516 5732 ignorantiae
1534 5652 1772 5730 praescriptionem
1793 5648 1993 5704 rescindendam
2015 5667 2063 5702 oon
