4402 6284
396 323 445 374 tt5
945 313 1137 370 DISPUTAT.
1156 317 1191 369 lt.
1211 315 1327 371 CAPUT
1346 315 1405 372 Vll.
1916 310 1966 364 tib

336 428 361 467 s.
376 417 433 468 Per
443 409 692 482 praescriptionem.
705 429 731 462 n.
749 422 773 462 t.
1208 413 1241 464 Ia
1262 409 1311 464 der
1332 412 1516 468 Uolermarck
1534 429 1595 466 rom
1614 409 1766 468 Brodlorn
1776 445 1787 476 ,
1812 426 1870 464 non
1889 419 1930 465 ast
1953 425 2028 469 eersa

335 499 440 554 Rustici
449 497 565 566 desasto
579 515 675 567 aprum
688 498 840 550 deserentes
850 491 1020 564 proforibus
1027 507 1155 563 reputare·
1241 499 1418 550 consuetudo.
1437 518 1464 552 n.
1485 512 1528 552 ss.

373 599 424 638 tur.
443 605 470 636 ιι.
494 597 516 636 t.
1207 581 1425 649 Praep‘udt'tt'ttm·
1444 600 1471 635 ιι.
1491 592 1533 635 bl.

338 673 413 737 (letos
432 667 610 735 magistratus
626 684 663 718 ese
680 660 776 736 ospicio
795 663 833 716 ad
850 679 932 732 agros
944 662 1157 731 suosremittere
1206 667 1324 719 Fructus
1333 677 1422 721 terrae
1434 665 1563 720 mandati
1572 665 1793 732 apredpraedinrt
1806 673 1928 718 manent.
1941 681 1969 717 n.
1984 675 2028 722 ιι.

371 753 457 805 debet.
470 763 529 802 me.
1205 753 1253 800 An
1272 749 1374 801 subditi
1388 750 1494 817 possint
1513 750 1632 819 integras
1646 750 1770 820 regiones
1790 747 1964 804 desererela.
1980 762 2023 803 tt.

334 840 379 891 De
399 833 616 888 mendicantibus
634 831 739 885 ualidis.
758 849 784 883 ιι.
804 843 827 884 e.
1206 835 1375 902 Exemplum
1394 853 1431 888 ea
1449 835 1660 906 Ingermonnia.
1675 853 1703 887 n.
1719 847 1761 888 ιι.

341 923 442 973 dbuor
457 919 585 986 publicae
604 916 736 970 utilitatis.
751 935 778 968 n.
797 928 836 968 to.
1207 920 1338 989 Negotur.
1352 937 1379 970 ιι.
1395 931 1437 972 ιι.

248 1021 261 1037 ·
335 1009 382 1058 An
403 1003 531 1056 dominns
545 996 843 1070 rusticumsugientem
859 999 972 1070 propria
991 998 1156 1054 auctoritate
1207 1005 1240 1054 Ιιι
1258 1003 1370 1068 imperio
1389 1003 1420 1056 id
1436 1003 1528 1057 minus
1545 1001 1622 1056 dubii
1637 1001 1727 1056 ltabet.
1747 1021 1774 1054 n.
1796 1011 1838 1054 ιι.

371 1085 599 1154 comprehendere
616 1085 725 1150 possit?
744 1103 771 1135 ιι.
795 1095 834 1136 ιι.
1206 1087 1357 1139 natalitia
1376 1088 1438 1151 imp.
1457 1089 1558 1141 babent
1577 1086 1739 1158 beneficium
1759 1087 1919 1153 emigrandi.
1933 1107 1961 1141 rs.
1983 1099 2025 1142 ιο.

336 1171 368 1222 Si
380 1182 420 1223 stt
433 1169 461 1222 ἰιι
476 1166 649 1238 nctufustte,
662 1176 759 1236 pole-tl·
772 1185 801 1218 n·
817 1177 857 1218 ¹¹·
1204 1171 1278 1226 Ciuis
1296 1191 1380 1225 unam
1392 1173 1527 1228 ciuitatem
1540 1174 1692 1243 relinquere
1709 1181 1735 1223 et
1752 1172 1790 1224 ad
1807 1169 1892 1226 oliam
1906 1189 1935 1226 se
1958 1189 2026 1225 oon·

335 1258 369 1311 Si
380 1273 468 1327 tropus
479 1267 535 1322 est,
548 1254 640 1306 itidem
650 1264 744 1323 potest.
758 1271 787 1305 n.
802 1265 843 1305 ts.
1228 1252 1311 1322 firre
1327 1267 1425 1322 potest.
1442 1275 1468 1310 n.
1490 1276 1530 1316 st.

337 1343 370 1396 Si
386 1341 421 1391 ab
441 1339 497 1394 alio
511 1338 574 1409 jorn
592 1337 764 1404 possidetur,
783 1355 841 1390 non
864 1347 960 1406 potest.
978 1356 1006 1391 ιι.
1027 1347 1067 1393 ιι.
1110 1365 1115 1371 -
1214 1338 1359 1390 Gabellarn
1380 1339 1568 1410 emigrationis
1584 1339 1689 1393 solorre
1705 1338 1853 1394 debeatn-
1868 1351 1911 1394 tt.

338 1425 480 1481 Candirtio
499 1445 535 1479 ea
554 1426 572 1479 Ι.
588 1435 628 1478 tt.
641 1441 662 1476 e.
677 1425 710 1478 de
723 1424 802 1493 agric.
816 1435 840 1476 et
852 1425 951 1476 censib.
965 1443 993 1477 ιι.
1009 1437 1048 1478 ιι.
1206 1421 1360 1476 Conclusio.
1373 1441 1403 1476 ιι.
1418 1437 1461 1477 se.

337 1511 390 1566 liei
407 1510 563 1562 vindicatio.
583 1529 610 1562 n.
634 1520 672 1560 ιι.
958 1553 964 1563 ,

336 1595 389 1650 liei
405 1594 557 1649 vindicatio
577 1593 852 1664 difficiliarremedio
865 1593 889 1645 d.
904 1593 921 1646 l.
938 1611 965 1644 n.
983 1603 1024 1647 tt.
1209 1533 1329 1660 Qualia
1350 1593 1466 1648 remedia
1485 1604 1576 1647 contre
1596 1593 1741 1648 desenores
1764 1609 1885 1663 aprorum
1910 1589 2028 1644 dominis
2069 1608 2078 1650 t

337 1684 373 1735 In
392 1681 410 1732 l.
433 1689 472 1730 tt.
492 1697 549 1732 non
568 1696 635 1747 opus
654 1690 694 1732 est
710 1680 873 1742 probatione
893 1679 1018 1731 daritinii.
1033 1699 1061 1732 n.
1078 1689 1120 1730 ts.
1207 1692 1373 1748 competent,
1392 1681 1524 1751 praesenti
1545 1679 1695 1731 exhibituri
1709 1695 1799 1730 sumus
1811 1679 1907 1747 eapite.
1925 1671 2030 1745 Quoni-

338 1765 396 1817 Joti
406 1772 531 1818 statuunt
547 1763 694 1816 remedium
712 1765 740 1814 d.
757 1765 775 1816 l.
797 1775 837 1815 tt.
847 1761 959 1833 sonore
972 1764 1156 1834 agriculturae
1206 1785 1248 1818 aru
1262 1784 1324 1820 vero
1338 1767 1427 1820 rustici
1441 1767 1597 1835 plerumque
1613 1781 1736 1832 agrorum
1750 1763 1896 1815 desertores
1907 1762 2031 1815 existunt

372 1866 431 1903 esse
447 1849 640 1904 introductum.
658 1867 686 1902 ιι.
710 1861 751 1902 te.
1207 1850 1286 1903 initio
1304 1850 1507 1920 praejudicialis
1520 1848 1716 1915 bsecqoaestio
1728 1847 1863 1900 enodanda
1882 1847 1945 1909 erit,
1962 1865 2030 1914 qtto-

339 1933 431 1988 liatio.
447 1952 474 1985 ιι.
490 1944 532 1987 tn.
1207 1931 1286 1984 modo
1297 1952 1392 2003 nempe
1405 1933 1531 2003 probetur
1543 1969 1550 1994 ,
1563 1933 1678 2000 aliquem
1690 1931 1820 1984 rusticum
1833 1947 1904 1997 esse,
1917 1940 1944 1982 et
1956 1949 2034 2000 pree·

341 2021 396 2090 Qni
406 2021 475 2074 tales
486 2020 580 2072 desert.
593 2017 724 2090 recipiunt
734 2018 789 2072 illis
799 2019 862 2088 p'ura
875 2017 1052 2088 nonfavent.
1067 2035 1094 2068 ιι·
1110 2027 1153 2069 ιι.
1205 2019 1301 2069 sertim
1320 2019 1465 2071 secundum
1491 2034 1579 2069 mores
1601 2015 1793 2078 pomeraniae,
1818 2013 1950 2083 quomodo
1967 2016 2031 2084 quis

339 2109 385 2160 Dr
404 2107 457 2159 ltac
474 2122 504 2157 re
521 2102 679 2158 constitutio
704 2103 861 2158 Jtsstiniani
880 2103 909 2156 in
929 2104 958 2154 ll.
982 2100 1154 2156 colonariis.
1208 2100 1331 2169 probetur
1350 2102 1513 2170 ntancipium
1533 2099 1587 2154 sire
1605 2100 1735 2169 proprius
1760 2099 1848 2152 homo.
1869 2101 1939 2150 Haec
1957 2102 2035 2154 enim

373 2208 402 2243 ιι.
423 2199 466 2242 et.
1208 2185 1323 2251 qttalitas
1342 2202 1395 2238 non
1415 2185 1610 2255 praesumitur,
1630 2183 1722 2236 Faber.
1736 2183 1764 2236 in
1777 2201 1801 2236 c.
1815 2185 1831 2237 l.
1846 2198 1870 2238 e.
1888 2193 1907 2236 t.
1930 2199 1953 2238 e.
1968 2187 1994 2239 d.
2009 2199 2037 2240 ι.

340 2272 554 2329 Horremedium
564 2289 621 2324 non
634 2269 762 2337 competit
773 2287 807 2318 m.
817 2266 840 2329 s.
851 2265 1059 2337 possessoribus.
1071 2282 1100 2316 ιι.
1115 2274 1157 2315 ιι.
1208 2285 1235 2321 η,
1254 2279 1295 2318 tt.

339 2361 397 2412 Nec
415 2358 600 2412 detentoribus
619 2373 709 2408 rerum
728 2355 932 2408 alienarumn.
948 2361 988 2402 ιι.
1246 2351 1379 2407 Probatur
1402 2365 1489 2408 satem
1516 2354 1630 2411 servitus
1655 2353 1705 2422 (ι.
1730 2371 1777 2423 per
1801 2351 1965 2406 notit-itatem
1991 2355 2036 2406 rel
2076 2380 2088 2420 2

344 2441 495 2512 (luidp‘uris
511 2439 538 2492 si
553 2441 614 2511 quis
632 2439 780 2510 bonafide
799 2449 825 2490 et
837 2439 913 2508 justo
935 2435 1013 2488 titulo
1027 2430 1157 2487 rusticum
1207 2437 1356 2504 originem,
1376 2456 1438 2490 nem
1457 2449 1534 2491 extra
1552 2457 1632 2492 omtre
1643 2437 1754 2488 dubium
1772 2447 1826 2496 est,
1845 2435 1977 2502 originem
1991 2436 2034 2488 ia-

377 2523 524 2596 acquirat?
542 2540 568 2576 ιι.
589 2534 632 2576 ιι.
1209 2540 1269 2576 rere
1287 2525 1437 2586 sublitum,
1450 2525 1521 2592 quod
1540 2543 1592 2578 nott
1613 2525 1694 2577 motio
1713 2527 1770 2590 jure
1787 2521 1921 2573 oontntuui
1941 2539 1999 2591 arg.
2014 2524 2036 2573 l.

341 2611 435 2666 Ilatio.
455 2628 483 2661 ιι.
504 2619 547 2661 tt.
1146 2599 1148 2606 ⁴
1204 2607 1258 2678 fin.
1276 2627 1300 2661 o.
1318 2610 1344 2661 d.
1359 2610 1484 2676 municip.
1505 2621 1531 2662 et
1548 2609 1646 2676 origin.
1668 2611 1685 2660 l.
1704 2607 1881 2676 originarios.
1900 2619 1939 2658 tt.
1958 2624 1981 2658 e.
2001 2607 2039 2660 de

344 2696 445 2746 Coram
464 2709 517 2764 quo
533 2691 625 2762 juttae
644 2689 715 2745 aetio
735 2698 833 2744 sonim
853 2686 947 2740 tletsrl·
971 2681 1159 2741 intliluentla?
1209 2692 1292 2762 agria.
1304 2703 1329 2744 et
1341 2695 1433 2746 erasit.
1450 2693 1501 2746 Sed
1516 2707 1539 2747 et
1554 2694 1698 2746 universali
1712 2689 1902 2744 consuetudine
1915 2693 1953 2741 sic
1965 2706 2041 2743 rece-

376 2797 404 2830 n.
425 2787 464 2829 ιι.
1209 2785 1299 2846 planu
1313 2777 1383 2828 unde
1396 2778 1438 2831 isti
1451 2778 1572 2830 tramittas
1587 2779 1635 2828 sub
1648 2777 1757 2828 alterins
1769 2775 1873 2828 ditione
1886 2795 1899 2825 a
1913 2775 2039 2846 propriis

341 2869 369 2919 Is
386 2874 425 2917 est
437 2863 525 2932 jaree
541 2861 591 2915 sub
609 2862 686 2931 cuius
698 2858 892 2929 iurisdictione
909 2865 1028 2908 rentest.
1042 2873 1069 2907 ιι.
1083 2866 1125 2908 te.
1211 2861 1365 2914 bominibus
1383 2862 1457 2926 irati,
1471 2861 1557 2914 coloni
1577 2861 1718 2928 originarii
1738 2844 1880 2923 vocantur,
1898 2859 1952 2914 rid.
1963 2861 2040 2913 Mer.

340 2953 372 3004 δι’
389 2950 501 3002 dubium
519 2947 579 3019 quis
596 2947 722 3012 actoris,
747 2945 808 3017 quis
833 2943 875 2997 rei
894 2951 987 3011 partes
1004 2941 1158 2994 sustineat.
1208 2943 1237 2997 in
1255 2957 1289 2996 tr.
1308 2963 1368 2998 oom
1387 2947 1513 3000 Zustand
1529 2945 1588 3000 und
1606 2945 1788 3014 Alffoderaaq
1804 2945 1852 2998 der
1869 2945 1982 2998 Bauren
1997 2945 2041 2998 irrs

375 3051 404 3086 ιι.
423 3042 466 3086 ιι.
895 3033 897 3038 ’
1211 3029 1317 3084 andern
1338 3033 1538 3102 Haupt-punct.
1565 3050 1593 3083 n.
1616 3041 1656 3083 te.
1682 3047 1755 3100 seqq.
1778 3034 1824 3094 (t.
1851 3029 1980 3082 Probatur
2003 3047 2043 3082 ex
2078 3059 2090 3098 3
2183 3057 2184 3072 2

341 3115 485 3174 Possessio
501 3111 639 3184 probandi
648 3128 719 3166 anus
730 3111 759 3164 in
773 3109 1058 3182 adversariumrejicit
1074 3129 1104 3166 n·
1118 3121 1159 3164 ιο.
1210 3123 1288 3183 pacto
1306 3116 1346 3166 rel
1367 3124 1511 3180 contractu,
1530 3113 1634 3184 quando
1647 3115 1715 3168 liber
1730 3115 1807 3168 bomo
1826 3131 1854 3167 se
1873 3113 1982 3184 praedio
1996 3115 2042 3168 vet

253 3266 255 3270 Ι
340 3201 500 3257 Remedium
517 3199 535 3253 l.
558 3209 599 3252 tt.
615 3207 772 3269 perpetuum
792 3207 839 3246 est·
860 3214 887 3246 n.
907 3206 950 3248 et.
1211 3198 1300 3267 glebae
1312 3199 1432 3251 addicit:
1451 3210 1510 3253 sunt
1528 3201 1638 3268 quidem
1653 3197 1789 3262 nonnulli,
1809 3196 1854 3266 qni
1873 3206 1965 3268 putant
1977 3198 2043 3252 tatia

345 3287 417 3356 (laid
434 3286 500 3341 olim
520 3286 573 3338 isac
590 3284 623 3336 de
641 3301 669 3336 re
682 3280 865 3334 constitutum.
880 3297 908 3331 ιι.
924 3288 966 3332 tt.
1213 3293 1287 3354 pecte
1307 3285 1422 3336 invalida
1442 3301 1498 3338 esse
1507 3324 1516 3351 ,
1531 3285 1606 3337 Bald.
1626 3283 1654 3338 in
1675 3283 1692 3336 l.
1700 3282 1759 3352 fin.
1778 3300 1801 3335 c.
1819 3283 1854 3336 de
1868 3293 1953 3337 trans.
1970 3286 2041 3338 Petr.

343 3375 434 3426 Mures
452 3369 543 3438 Belgii
559 3378 585 3422 et
608 3366 727 3420 Galliae.
746 3383 774 3416 n.
790 3377 831 3416 st·
1213 3365 1245 3417 de
1265 3365 1368 3418 Ferrar.
1386 3366 1414 3419 ire
1434 3368 1546 3436 append.
1567 3367 1604 3420 ad
1619 3385 1699 3436 praa.
1719 3367 1792 3418 rubr.
1809 3377 1852 3418 ts.
1864 3385 1939 3421 num.
1954 3379 1976 3420 ι.
1992 3367 2042 3422 si-

344 3457 417 3525 Quid
434 3453 576 3523 Plsilippus
589 3454 628 3505 tt.
641 3468 686 3502 en.
703 3448 896 3518 teszfecerit.
909 3467 938 3500 ιι.
954 3455 995 3501 tt.
1215 3452 1305 3504 ehnrd.
1319 3453 1347 3505 in
1362 3471 1404 3520 pr.
1416 3471 1438 3506 e.
1455 3452 1480 3506 d.
1493 3455 1546 3506 loc.
1560 3473 1585 3506 ιι.
1603 3467 1625 3504 ι.
1643 3451 1694 3505 Sed
1705 3451 1798 3524 botuns
1812 3452 1968 3522 opinionem
1979 3453 2043 3505 nul·

341 3541 480 3595 Monitum
504 3539 726 3604 Groenemegens.
746 3553 772 3586 ιι.
795 3547 836 3586 ιι.
1214 3537 1240 3588 lo
1258 3539 1316 3604 jure
1336 3536 1404 3600 niti,
1424 3537 1479 3588 imo
1498 3549 1576 3606 pacta
1591 3535 1653 3588 talia
1673 3535 1725 3602 juri
1740 3535 1894 3600 communi,
1909 3535 2042 3590 canonino

343 3625 411 3675 Jom
423 3620 544 3692 antiquis
556 3619 822 3688 tempor.tlerertores
834 3615 899 3670 odio
912 3613 1162 3668 helmeanensi.
1215 3631 1240 3672 et
1260 3621 1352 3672 ditino
1371 3621 1556 3674 convenientia
1583 3637 1641 3674 esse
1661 3619 1754 3690 probat
1777 3621 1847 3673 Mer.
1867 3620 1892 3672 d.
1910 3621 1928 3670 l.
1948 3639 1975 3672 n.
1996 3631 2043 3672 te.

347 3705 418 3772 (laid
435 3703 490 3758 sint
509 3702 622 3758 nortae?
640 3720 668 3755 ιι.
689 3713 728 3754 tt.
1213 3721 1287 3776 seqq.
1306 3705 1350 3776 (t.
1371 3707 1497 3777 probatur
1516 3725 1564 3777 per
1581 3707 1769 3774 emptionem,
1797 3707 1821 3757 si
1845 3706 1918 3758 enim
1938 3706 2042 3774 aliquis
2081 3699 2094 3742 ⁴

347 3789 402 3857 (lui
414 3787 517 3858 incepit
527 3787 616 3842 colere
629 3787 740 3840 vitreum
754 3795 780 3840 el
792 3784 889 3840 delude
900 3784 977 3838 illam
993 3782 1113 3856 negligit,
1127 3794 1165 3838 lt·
1214 3791 1355 3861 praedium
1376 3791 1428 3843 sibi
1440 3791 1629 3860 eoqtrisirerit,
1643 3791 1725 3843 etiarn
1738 3791 1860 3843 botuines
1878 3791 1909 3842 ad
1930 3791 2041 3861 praetii·

381 3885 466 3926 netur.
486 3891 513 3924 ιι.
535 3886 578 3926 tt.
1216 3893 1259 3928 om
1281 3877 1448 3946 pertinentes
1459 3874 1630 3946 acquisivisse
1641 3884 1781 3938 censetur,
1801 3874 1874 3927 Gaii.
1886 3876 1905 3924 l.
1921 3885 1943 3925 ι.
1955 3893 1981 3927 o.
1995 3887 2041 3930 ιι.

344 3959 468 4026 Antiqua
486 3957 655 4011 constitutio.
674 3975 704 4010 n.
725 3967 766 4009 et.
1216 3979 1244 4013 ιι.
1272 3973 1295 4013 5.
1319 3959 1354 4010 Et
1371 3975 1421 4030 pro
1445 3971 1522 4028 parte
1545 3959 1648 4029 praedii
1676 3958 1806 4020 alienati,
1834 3957 1931 4011 transit
1954 3959 2040 4013 etiam

348 4044 466 4112 Quidam
491 4041 536 4095 dd.
560 4044 654 4096 nolunt
673 4041 773 4095 dietum
796 4057 913 4112 poenam
931 4055 1039 4111 quoque
1064 4047 1162 4092 contra
1213 4043 1345 4115 quantitas
1359 4041 1588 4114 adscriptitiorum
1608 4055 1737 4112 tamqnam
1758 4059 1847 4094 rerum
1872 4044 2040 4098 concordan-

381 4127 521 4180 vnttallot
540 4125 672 4179 oblinere·
691 4143 715 4177 n.
738 4137 779 4179 ⁴⁰·
1216 4129 1281 4182 tium
1290 4169 1300 4196 ,
1319 4138 1347 4180 et
1364 4147 1379 4180 a
1398 4131 1453 4182 solo
1464 4127 1682 4198 inseparabilium
1697 4127 1735 4196 (t.
1751 4126 1857 4195 tttqute
1870 4144 1903 4195 pt·
1922 4127 1963 4182 bet
1976 4128 2041 4181 sub·
2080 4129 2093 4168 ⁵

350 4218 532 4281 (incolumen
546 4207 866 4265 sententiatosenttalio
879 4209 949 4262 detra
963 4205 1164 4260 villelm-ll·
1215 4213 1374 4280 jectionem,
1398 4213 1502 4283 quando
1527 4212 1700 4275 sententium,
1716 4229 1782 4280 qttae
1802 4211 1907 4264 transiit
1925 4211 1951 4264 iu
1979 4228 2041 4265 rem

348 4296 490 4351 Rationes.
509 4314 538 4347 ιι.
558 4305 600 4346 ιι.
993 4301 998 4314 “
1214 4299 1357 4368 judicatam
1379 4317 1429 4368 pro
1449 4297 1596 4358 sehabet,
1621 4297 1692 4358 Mer,
1711 4294 1737 4346 d.
1758 4294 1775 4346 l.
1794 4313 1822 4346 ιι.
1843 4293 1903 4364 st.)
1924 4307 1947 4346 t.
1972 4295 2042 4347 Pro-

358 4383 502 4436 Vassallus
519 4379 689 4450 aliquamdiu
714 4395 810 4447 aarum
828 4379 956 4431 deserens
971 4385 1117 4445 propterea
1135 4392 1167 4428 to
1215 4382 1294 4437 batur
1311 4401 1412 4452 quoqne
1431 4400 1479 4452 per
1496 4378 1742 4451 praescriptionem.
1763 4379 1984 4430 praescribuntur
1995 4397 2044 4430 su·

384 4467 489 4532 privari
506 4484 564 4518 rton
584 4476 623 4517 ert
639 4475 736 4534 potest.
755 4484 783 4516 ιι.
804 4474 846 4516 ts.
1218 4474 1271 4517 lem
1299 4467 1366 4520 serti
1384 4461 1444 4518 etim
1471 4465 1548 4520 titulo
1573 4466 1658 4518 instar
1684 4461 1863 4516 immobilium
1892 4475 1933 4516 to.
1958 4463 2041 4516 anuis

347 4553 404 4604 Nec
419 4553 445 4603 si
461 4547 674 4620 inperceptione
675 4545 824 4617 fructuum
835 4542 931 4617 officio
943 4561 994 4599 suo
1009 4545 1080 4598 male
1096 4539 1164 4606 Ῑιιιι-
1217 4565 1313 4620 nempe
1338 4551 1410 4614 inter
1436 4559 1608 4620 praesentes,
1635 4558 1662 4601 et
1689 4559 1731 4601 to.
1757 4547 1828 4598 inter
1847 4546 1988 4610 absentes,
2014 4565 2041 4598 v.

381 4647 468 4704 patrer.
487 4653 513 4686 rt.
536 4644 577 4685 ll.
1219 4632 1288 4685 Met.
1306 4633 1332 4686 d.
1351 4633 1368 4684 l.
1389 4653 1417 4686 tt.
1440 4643 1498 4686 tet.
1515 4649 1587 4704 seqq.
1613 4635 1716 4683 Busan.
1736 4630 1768 4682 de
1783 4647 1874 4699 propr·
1893 4631 1965 4684 leont.
1979 4650 2003 4684 e.
2017 4644 2044 4684 b.

349 4718 438 4776 Aliud
448 4719 590 4772 dicendum
603 4717 629 4770 si
640 4725 740 4786 perpet.
749 4711 925 4768 deterioratio
933 4720 1072 4782 sequatur.
1085 4727 1113 4762 rt·
1127 4719 1168 4762 tt.
1220 4735 1248 4768 n.
1267 4727 1290 4768 t.
1307 4732 1379 4787 seqq.
1400 4717 1492 4768 Plures
1507 4717 1600 4769 modos
1614 4716 1710 4784 quibus
1730 4715 1845 4767 servitus
1864 4714 2000 4782 probatur,
2015 4733 2040 4768 r.

353 4805 393 4856 (tt
412 4803 554 4857 saeuitiam
573 4801 680 4855 domini
695 4800 790 4855 caloni
805 4799 866 4853 licet
884 4794 1023 4864 aufugere.
1038 4813 1066 4848 ιι.
1080 4804 1123 4848 ιι.
1218 4817 1261 4867 ap.
1279 4801 1350 4852 Mer.
1369 4800 1395 4852 d.
1413 4800 1432 4852 1.
1451 4818 1478 4851 η,
1501 4811 1558 4852 tet.
1577 4817 1650 4870 seqq,
1671 4798 1776 4854 Rustici
1802 4799 1871 4867 ttaq3
1888 4815 1962 4864 agrae
1981 4813 2043 4852 enos

354 4893 432 4956 (litae
448 4888 569 4942 saevitia
585 4888 644 4958 iam
662 4887 728 4939 olim
747 4903 837 4940 seuere
855 4881 1004 4954 probibita.
1023 4899 1051 4934 ιι.
1072 4891 1112 4934 tt.
1219 4881 1339 4934 deserere
1357 4899 1410 4936 non
1430 4891 1542 4953 possunt
1555 4883 1647 4936 inritis
1667 4893 1693 4934 et
1713 4880 1810 4934 inseiis
1829 4880 1962 4946 dominis,
1976 4893 2001 4936 et
2015 4883 2040 4935 si

352 4971 443 5028 Hodie
462 4970 491 5025 in
510 4973 599 5026 seruis
617 4973 719 5026 nostris
737 4971 784 5028 ris
802 4968 911 5024 modica
924 4965 1069 5037 castigatio
1086 4967 1167 5021 nobis
1220 4964 1268 5016 hoo
1286 4961 1352 5031 fiat,
1378 4983 1427 5036 pro
1452 4965 1557 5019 iuribus
1576 4965 1622 5036 qui
1641 4965 1682 5016 sui
1702 4963 1798 5019 tanum
1824 4965 1944 5018 iecerunt
1962 4983 2043 5038 repu-

385 5059 488 5113 teticta,
507 5077 534 5112 η,
555 5070 596 5111 ts.
1220 5059 1310 5102 teritur
1326 5050 1345 5101 l.
1367 5063 1390 5102 t.
1408 5067 1430 5102 c.
1448 5052 1482 5104 de
1499 5067 1574 5104 seru.
1586 5047 1676 5120 sugit.
1699 5051 1719 5101 l.
1745 5069 1806 5106 cuns
1833 5052 1909 5103 satis.
1940 5061 1982 5104 ts.
1998 5070 2041 5116 pr.

349 5143 468 5196 diriditis
479 5143 508 5197 in
524 5143 635 5214 imperio
649 5155 747 5199 eontra
764 5154 854 5198 statas
870 5139 977 5213 imperii
985 5139 1113 5195 loceasu
1130 5157 1166 5191 m.
1218 5135 1288 5186 vert.
1306 5135 1344 5188 ad
1362 5135 1519 5202 coemptam
1536 5131 1737 5202 seroifitgitioi
1752 5151 1810 5188 sese
1827 5133 1944 5188 diutinis
1970 5134 2041 5214 insi-

384 5228 445 5280 5500
456 5246 477 5281 ς,
492 5229 602 5283 pamm·
617 5249 643 5282 η,
661 5240 702 5286 a„
752 5239 760 5253 ·
1219 5216 1271 5272 diis
1270 5217 1373 5287 furari
1381 5216 1550 5290 intelligitur.
1557 5237 1580 5271 c.
1593 5219 1619 5271 d.
1631 5233 1689 5286 agr.
1704 5230 1729 5270 et
1743 5219 2035 5287 censit.Etinjunetum

2081 4845 2093 4884 *l

350 5318 385 5366 In
413 5313 538 5367 Marrleia
563 5313 662 5368 nobilis
689 5312 819 5366 rusticum
847 5329 901 5365 non
928 5307 1059 5374 impedire
1079 5319 1167 5376 potest
1219 5313 1258 5355 est
1277 5302 1462 5372 magistratui,
1483 5312 1527 5365 ut,
1547 5303 1570 5354 si
1592 5303 1657 5354 tales
1670 5301 1819 5355 desertores
1837 5303 1927 5372 aliquo
1940 5303 1967 5354 in
1980 5304 2039 5356 looo
2082 5287 2095 5328 ⁸

386 5417 439 5469 quo
458 5399 548 5454 tainus
564 5400 616 5454 sub
635 5397 692 5453 alio
712 5407 784 5450 certo
804 5393 930 5448 madore
949 5389 1167 5462 natiratnonfi-
1218 5387 1319 5449 rideat,
1332 5387 1391 5440 illos
1408 5403 1441 5438 ex
1459 5383 1568 5450 allicio,
1583 5387 1691 5439 nemine
1702 5389 1822 5456 quemvis
1839 5405 1884 5440 eos
1903 5399 2044 5440 revocante

387 5493 437 5535 rat.
458 5502 485 5536 n.
500 5496 544 5537 tn.
1068 5537 1070 5542 ¹
1218 5471 1250 5524 ad
1271 5472 1393 5526 dominos
1412 5485 1438 5526 et
1456 5489 1531 5543 egros
1551 5489 1614 5524 suns
1633 5473 1768 5537 remittat,
1790 5471 1847 5525 ota.
1867 5487 1927 5524 nou.
1949 5481 1992 5524 eo.
2010 5489 2037 5522 c.

348 5567 380 5618 Si
399 5584 493 5636 agrum
512 5565 569 5620 uult
585 5565 721 5632 deserere,
747 5562 843 5619 omnia
861 5561 996 5620 stramina
1017 5559 1169 5632 relinquere
1221 5564 1245 5604 ⁴-
1264 5555 1299 5608 Et
1320 5560 1368 5610 hoo
1393 5557 1428 5611 ab
1456 5557 1601 5610 utilitatem
1622 5557 1779 5626 publicam,
1806 5573 1840 5608 ne
1866 5555 1922 5623 aget
1945 5554 2043 5608 inculti
2083 5571 2097 5612 o

384 5651 468 5705 debet.
487 5670 514 5704 n·
534 5663 576 5704 ιι.
1222 5644 1344 5710 jaceant,
1363 5651 1390 5695 et
1408 5659 1479 5712 resp.
1499 5640 1710 5694 mendicantibus
1725 5639 1819 5693 ualidis
1836 5640 1976 5709 repleatur·
1991 5640 2041 5692 Se·

350 5737 566 5810 Praeiudiciurn.
585 5755 614 5792 n.
636 5747 676 5791 ιι.
1223 5728 1382 5781 luberrimse
1398 5728 1473 5781 enim
1491 5727 1566 5783 omni
1589 5726 1619 5780 in
1643 5728 1703 5796 jure
1727 5723 1896 5796 reperiuntur
1914 5721 2047 5800 ttottstitu·⁸
