4472 6280
401 221 456 297 639
947 209 1141 269 utsttttsu.
1161 209 1236 267 xtv.
1257 209 1376 270 Chi’Ul'
1394 211 1444 268 tv.
1933 209 1988 277 hdo

349 329 419 370 sero
432 309 636 384 caeteri-agnati
649 309 774 384 praecise
786 308 1094 382 consentireoogautnr.
1107 310 1171 379 Quo
1220 310 1295 364 aliud
1307 309 1380 366 iorte
1391 307 1538 364 dicendum
1553 324 1587 362 ec
1600 324 1683 376 casu,
1701 309 1812 380 quaudo
1825 309 1853 360 ic
1866 311 2040 362 securitatem

349 397 431 466 iecit,
444 398 520 468 quod
539 407 564 451 ct
583 396 736 450 uecmsaria
755 395 885 449 alienatio
903 395 981 448 nulla
999 396 1049 461 sit,
1067 395 1172 466 absque
1220 395 1291 450 dctis
1304 405 1407 450 tautum
1417 393 1559 447 donationi
1573 402 1686 468 propter
1698 395 1807 465 nomiae
1825 395 1853 445 io
1872 391 1956 445 leudo
1975 411 2041 446 con-

349 483 456 536 domini
475 493 673 553 agnatorumae
697 495 849 545 consensu,
869 478 986 534 Schrad.
1003 477 1034 534 d.
1053 480 1075 533 t.
1093 501 1125 536 n.
1147 498 1170 534 a.
1221 479 1372 534 stituecdae
1385 490 1411 534 et
1422 497 1572 552 expressae
1585 483 1700 552 iusuper
1712 479 1884 552 hypothecae
1896 495 2042 532 consense-

350 567 442 620 mutto
454 568 541 635 magis
552 583 620 634 ergo
632 581 705 633 quae
715 578 772 614 noo
791 579 863 630 pure
881 571 920 616 est
938 565 1105 632 necessaria,
1124 565 1173 618 sed
1221 576 1283 618 runt
1295 565 1422 618 dominus
1436 576 1462 620 et
1474 567 1581 636 agnati,
1601 581 1634 618 co
1646 567 1710 638 ipso
1720 567 1791 618 enira
1804 569 1849 636 ius
1862 564 2041 634 praeminuit

350 651 458 703 initium
467 651 547 702 habet
557 649 757 711 uoluntarium,
773 657 797 700 ct
810 662 844 697 ex
852 644 970 699 arbitrio
984 663 1173 717 possessorum
1221 653 1390 706 concessisse
1403 654 1754 716 necsoluiasecensectnr,
1768 653 1833 720 quia
1844 665 1995 704 consensus
2003 659 2042 702 est

349 731 425 782 leudi
439 732 641 798 quodammodo
654 731 800 801 prouenit,
813 725 976 782 Roseutbal.
995 748 1019 786 c.
1038 747 1064 802 9·
1083 733 1170 786 concl-
1221 737 1384 790 strictissimi
1398 738 1485 805 juris,
1498 737 1535 787 ll.
1550 733 1616 790 Pisi.
1629 737 1650 789 l·
1662 751 1688 792 a.
1703 756 1729 809 p.
1745 737 1791 808 49.
1805 733 2041 804 ra.li.ueepctuis·

354 815 399 880 14.
410 834 440 870 aa.
454 815 480 873 6.
1220 835 1250 873 ae
1262 823 1290 872 iu
1305 820 1508 891 praejudicium
1522 821 1695 888 reliquorum
1709 823 1888 875 crealitorum.

386 903 414 958 Si
429 899 975 972 itaquejustccoustitutaiueritiuleudo
988 900 1098 954 donatio
1109 917 1172 972 pro-
1257 903 1318 957 lion
1329 915 1419 958 tamen
1434 905 1606 970 dubitamus,
1628 904 1782 969 riduae,si
1802 905 1827 958 ei
1845 903 1958 956 donatio
1977 917 2042 968 pro·
2078 907 2084 936 ¹
2112 896 2118 904 ’

296 942 314 996 ⁹
350 993 413 1055 pter
424 985 547 1052 nuptias,
559 1000 592 1034 aa
608 999 681 1036 uxor
701 985 759 1052 ajua
780 983 879 1038 intuitu
892 982 1075 1054 hypothecam
1089 982 1172 1035 habe.
1221 997 1283 1059 praa
1295 991 1405 1058 nuptias
1417 991 1469 1043 rite
1480 1005 1495 1040 a
1508 989 1621 1041 domiuo
1636 989 1937 1058 stagnattaeonstttota,
1949 988 2041 1055 josra-

348 1068 431 1122 bilin
443 1065 627 1137 felitioiiieg.
640 1067 947 1133 iicctcoimjurecisili
961 1065 1172 1136 iseiieobliguls
1220 1075 1349 1129 [cationi.
1369 1075 1399 1126 in
1417 1072 1500 1127 feudo
1517 1072 1658 1135 tribuam
1678 1073 1707 1124 in
1726 1071 1780 1125 1100
1800 1073 1873 1124 enim
1891 1072 1947 1139 juri
1966 1087 2040 1122 eom.

349 1151 447 1206 haheat
459 1151 532 1204 boas
544 1152 653 1218 meriti,
668 1160 727 1204 utut
741 1148 1088 1218 absqueiureprioritatis;
1097 1149 1172 1218 quod
1219 1159 1295 1210 muni
1309 1158 1406 1211 relicta
1418 1156 1531 1209 donatio
1545 1157 1792 1226 proptercuptiasy
1805 1154 1879 1225 quod
1892 1155 2041 1208 viriumr.

350 1245 375 1288 0⁸
387 1237 443 1303 iur-
457 1233 836 1288 ¹³¹·0bllss01ss0llliffltss·
849 1235 931 1286 ll1⁰¹¹·
944 1232 985 1286 “tl
992 1250 1021 1301 Ρ·
1038 1251 1061 1288 ¹·
1080 1251 1106 1287 ⁶·
1126 1235 1172 1288 ²5·
1220 1243 1386 1310 tentionem,
1399 1239 1487 1295 donec
1501 1241 1527 1295 ei
1539 1241 1664 1307 satisfiat,
1677 1239 1774 1294 tribuit
1787 1241 1816 1291 iu
1831 1241 1887 1290 illis
1896 1237 1979 1290 bonis
1996 1239 2041 1289 ‹la-

350 1336 378 1376 π.
392 1318 436 1384 46·
449 1336 505 1390 seq.
521 1335 571 1388 per
585 1316 662 1373 rerb-
682 1317 709 1370 d·
727 1331 815 1372 const·
827 1320 863 1372 la
874 1314 939 1370 dem
960 1318 1172 1388 Gereovermac
1221 1325 1308 1380 iuneti
1320 1325 1428 1390 martti,
1443 1324 1586 1394 exquibus
1594 1323 1700 1377 utiliter
1708 1341 1766 1374 eam
1781 1332 1875 1394 petere
1884 1321 2041 1390 aateuquta

348 1404 454 1458 clrtniss
466 1401 596 1458 oberlsot
605 1403 648 1457 sie
661 1401 723 1455 sicis
741 1402 870 1474 disssttm
888 1403 936 1456 der
953 1405 1107 1458 Prioritoet
1122 1401 1171 1456 de·
1221 1411 1266 1464 cui
1280 1411 1352 1464 actio
1362 1410 1457 1475 datur,
1471 1410 1497 1462 ei
1511 1410 1598 1462 multo
1612 1407 1696 1478 magis
1711 1409 1827 1460 retentio
1840 1420 1891 1478 per
1902 1408 1977 1460 atara
1995 1423 2043 1459 ex-

349 1507 404 1541 aen
417 1488 604 1557 Gloeubigern
613 1488 918 1542 sumNachtlteilnicltt
927 1495 1171 1542 susumusseraetc.
1221 1493 1372 1564 ceptiouia,
1388 1493 1524 1562 Carpsoa.
1535 1510 1565 1562 p.
1579 1508 1608 1546 a.
1618 1509 1643 1547 o.
1659 1492 1704 1542 ab.
1717 1490 1745 1544 d.
1762 1505 1804 1545 ao.

352 1569 399 1623 ubi
413 1572 591 1640 praelationis
599 1572 792 1643 privilegium,
807 1587 863 1623 uon
874 1571 1098 1640 jushypotbccue
1105 1609 1114 1638 ,
1131 1574 1173 1626 ri·
1256 1577 1417 1643 Caeterum,
1438 1576 1514 1646 quod
1538 1576 1677 1628 foeminas
1695 1575 1782 1627 semei
1801 1575 1865 1626 ioco
1887 1571 2043 1625 donationi.
2080 1587 2086 1615 ι

350 1657 421 1709 duae
431 1657 561 1728 denegari
577 1658 696 1720 videtum
711 1667 829 1710 mentem
841 1657 1173 1711 taauecsuamtleclaraait
1220 1673 1334 1730 propter
1346 1661 1455 1730 nuptias
1468 1661 1559 1712 datum
1572 1669 1625 1724 est,
1639 1667 1807 1710 contactum
1820 1664 1956 1726 perpetuo
1969 1657 2044 1724 apud

348 1743 479 1796 sereniss.
493 1745 568 1794 Saso
581 1746 608 1792 in
621 1743 772 1808 ordproo.
786 1740 885 1803 riuti.
898 1739 925 1808 5.
937 1734 1172 1792 societutattoa-
1222 1759 1282 1795 eam
1301 1751 1437 1808 remanet,
1452 1744 1500 1796 scd
1516 1751 1543 1794 et
1562 1753 1622 1812 post
1640 1753 1757 1792 mortem
1775 1739 1810 1793 ad
1830 1740 1964 1794 haeredes
1983 1743 2044 1808 ejus

349 1826 441 1876 ruinae
454 1840 507 1876 uua
519 1840 582 1876 cum
594 1825 658 1893 jure
669 1822 848 1893 praelationis
862 1831 888 1874 et
904 1823 950 1890 jus
967 1823 1066 1878 tacitae
1084 1819 1174 1898 hypo·
1222 1825 1399 1892 transimus,
1410 1825 1574 1896 Carpcdec.
1585 1821 1644 1876 168.
1653 1822 1744 1878 Potest
1753 1835 1842 1878 tamen
1855 1825 2046 1894 aliquidcom·

348 1905 447 1961 tbecas
459 1907 601 1962 adimitur.
1224 1910 1347 1976 mittere,
1361 1925 1418 1978 quo
1430 1909 1604 1960 constitutam
1618 1906 1688 1960 hanc
1700 1907 1890 1970 donationem,
1908 1907 1958 1959 sed
1974 1925 2044 1962 raon·

384 1989 444 2044 Nec
457 2008 525 2046 sero
540 1989 574 2042 ad
593 1991 709 2043 alterum
728 1987 924 2044 declinandum
943 1998 1096 2045 extremum
1115 2007 1173 2060 quo
1224 1994 1288 2046 dum
1299 1993 1507 2063 acquisitam,si
1519 1989 1685 2045 adulterium
1700 1990 1771 2044 loa-te
1784 1991 1849 2045 also
1861 1993 1959 2048 marito
1970 2011 2048 2046 cora·

351 2079 496 2148 smplexo,
508 2083 571 2128 suut
583 2077 632 2145 qui
644 2076 755 2141 volunt,
764 2085 821 2130 tum
829 2074 940 2126 demum
948 2075 1124 2130 donationem
1133 2077 1174 2128 ri·
1224 2076 1344 2140 miserit,
1357 2085 1404 2128 aut
1417 2075 1490 2127 sitae
1503 2071 1801 2142 ejusinsidiataiuerit3
1814 2075 2045 2142 quemadmodum

350 2164 421 2216 duae
432 2161 544 2226 deberi,
558 2159 604 2213 ubi
619 2159 747 2213 omnibus
759 2159 959 2226 creditoribus,
972 2159 1174 2231 sisebypothc·

349 2247 419 2301 carii
432 2245 501 2311 sint,
514 2247 574 2299 siae
587 2243 656 2297 nudi
668 2241 908 2314 chirographus-ii,
928 2244 1095 2299 satisfactum
1114 2245 1174 2298 lue·

349 2333 400 2398 rit,
421 2347 490 2400 quos
512 2331 627 2399 allegat,
646 2347 702 2381 non
720 2331 860 2398 nominat,
879 2332 906 2384 d.
930 2331 1013 2384 tttott.
1035 2330 1173 2400 Expresse

349 2414 422 2470 enim
436 2425 461 2468 ct
474 2413 529 2466 boc
541 2424 677 2467 remotum
692 2415 719 2465 in
732 2416 780 2468 all.
795 2414 856 2467 ord.
876 2432 955 2485 proc.
975 2418 1052 2484 justa
1071 2432 1169 2485 quana,

349 2499 461 2561 eodem,
474 2515 529 2567 quc
544 2497 644 2552 caeteri
658 2495 899 2567 chirographarii‚
914 2498 1066 2552 secundum
1080 2501 1172 2567 cujus·

1223 2162 1297 2214 cuim
1314 2160 1359 2216 bis
1377 2159 1487 2213 casibus
1501 2159 1592 2212 dotem
1606 2157 1711 2228 perdit,
1731 2158 1839 2212 rationo
1856 2159 1937 2228 cujus
1953 2171 2047 2214 tameo

1222 2248 1309 2315 magis
1322 2245 1356 2298 de
1369 2246 1469 2298 damno
1483 2244 1703 2307 vitandocerlaty
1716 2245 1753 2298 ita
1764 2245 1893 2313 aequitati
1901 2249 2042 2316 congruit,

1221 2340 1251 2383 ut
1268 2344 1326 2382 nott
1343 2339 1461 2395 tautum,
1472 2345 1545 2396 quas
1562 2331 1590 2380 iu
1609 2329 1784 2382 securitatem
1802 2329 1873 2382 dotis
1885 2333 2044 2396 constituta,

1223 2429 1275 2466 una
1288 2428 1394 2465 cumea
1408 2413 1552 2471 considete
1565 2413 1613 2465 sed
1629 2421 1654 2466 et
1667 2412 1846 2484 multomagis
1858 2422 1887 2465 ut
1900 2429 1947 2480 ca,
1959 2431 2043 2482 quana

1220 2498 1495 2570 praeterdotempost
1503 2495 1608 2552 obitum
1618 2496 1711 2550 mariti
1722 2497 1826 2550 lucrari
1838 2495 1967 2565 debebat,
1979 2515 2044 2552 caa-

1222 2592 1345 2722 nei’ianiio
1371 2665 1572 2739 praejudicabit
1594 2665 1678 2720 uxori
1698 2665 1871 2722 renunciatio
1889 2667 2045 2722 donationis

349 2599 404 2652 que
415 2582 501 2636 debiti
514 2583 704 2651 quantitatem,
715 2583 779 2649 jure
791 2581 906 2652 gaudet,
925 2581 1024 2653 Carps-
1042 2583 1082 2637 ud
1097 2584 1125 2637 d.
1143 2603 1171 2642 c.

351 2663 764 2738 28.d.9a.p‚2.o.24.d.6.

385 2750 467 2819 Quod
479 2753 503 2804 si
523 2767 652 2821 expressa
667 2751 821 2822 hypotheca
835 2751 1072 2805 consentientibus
1082 2751 1172 2806 domi·
1218 2765 1333 2826 propter
1344 2755 1455 2824 nuptias
1470 2754 1556 2818 iurata
1566 2749 1636 2814 aubi
1650 2751 1780 2820 quidem,
1795 2753 1818 2805 si
1832 2768 1990 2822 expressam
2000 2769 2045 2804 ca-

349 2851 386 2888 uo
402 2845 427 2888 et
439 2835 541 2902 agnatis
554 2833 607 2886 sibi
623 2837 814 2906 prospexerit,
828 2850 883 2886 noa
895 2833 1006 2904 quidem
1022 2835 1172 2888 ullicrsali·
1221 2851 1338 2913 propter
1354 2840 1539 2911 hypothecam
1560 2848 1637 2891 nacta
1655 2836 1756 2902 tuerit,
1776 2837 1804 2890 iss
1823 2839 1937 2906 gratiam
1956 2849 2047 2908 posts-

348 2923 419 2990 lorl,
434 2939 484 2975 nec
495 2921 603 2974 ltcilflm
615 2920 838 2975 leniumhsbenll
848 2919 1048 2992 hypolhwsm,
1063 2919 1172 2991 proese-
1221 2932 1326 2982 riorum
1334 2921 1790 2996 hypothecariorum,sinsecus,in
1800 2923 2045 2990 grattanomntum

349 3018 441 3071 retur,
454 3009 518 3076 quia
531 3005 793 3060 coutinuodelucro
802 3006 940 3077 captando
952 3015 1052 3072 cenat,
1064 3005 1172 3058 aeduam
1221 3011 1407 3076 creditorum,
1419 3009 1502 3060 etiam
1514 3004 1812 3080 chirograpbariorutu
1826 3005 1895 3064 iucta
1908 3009 2045 3078 intellige·

350 3090 448 3143 ordine
464 3091 556 3144 reciet
568 3091 640 3145 inter
652 3101 777 3146 caeteros
787 3133 795 3156 ,
807 3091 836 3146 d.
851 3091 913 3145 ord.
928 3109 1009 3160 proc.
1022 3089 1102 3144 acrh-
1116 3112 1172 3146 von
1221 3105 1283 3162 tur,
1297 3095 1359 3148 add.
1373 3092 1471 3162 Carpe.
1481 3109 1509 3160 p·
1523 3105 1550 3145 2.
1564 3109 1590 3148 c.
1605 3089 1647 3146 td.
1660 3087 1693 3144 d.
1708 3107 1734 3148 t.

348 3175 399 3230 der
405 3177 465 3234 Zeit
474 3193 528 3243 urs,
539 3178 576 3232 do
586 3178 681 3232 solclsc
693 3175 893 3248 Versiolteruag
903 3174 1103 3248 oufflericluct.
1110 3175 1169 3230 Nec

1028 3377 1279 3452 CAPUT
1324 3377 1368 3448 V.

808 3579 867 3650 Do
883 3584 966 3674 jure
988 3580 1244 3674 morgcngabae
1265 3591 1302 3648 ct
1324 3569 1595 3648 comestibilium.

1217 3779 1268 3832 Art
1277 3791 1375 3844 pecora
1387 3771 1528 3844 deperdito
1545 3781 1611 3825 onte
1627 3769 1796 3826 tricesimum
1808 3766 1994 3826 reniterentur
2008 3770 2048 3824 ub

1257 3855 1361 3916 taeenti
1370 3855 1432 3913 ibus
1444 3859 1459 3912 i
1472 3877 1499 3912 ra.
1514 3873 1554 3928 17.

1219 3943 1283 3999 Nou
1294 3941 1405 4015 potitur
1414 3940 1502 3996 uidua
1516 3943 1545 3996 ia
1558 3938 1775 4010 eisfilcidiora.
1788 3955 1818 3992 rs.
1833 3935 1876 3999 td.

1220 4029 1368 4092 Amissis,
1379 4029 1488 4084 vivetur
1498 4025 1610 4079 marito.
1625 4045 1654 4078 n.
1672 4041 1713 4098 tp.

1220 4113 1292 4166 Post
1304 4111 1365 4182 ejus
1377 4108 1492 4165 obitum·
1506 4126 1536 4161 n·
1550 4121 1595 4160 20·
1609 4123 1683 4179 sepp.

586 3780 923 3836 SVMMABIA

355 3949 509 4005 Cornucio.
524 3963 553 4000 a.
571 3960 595 4000 a.

355 4034 511 4103 Quotuplesr
522 4029 708 4102 morgengubts
718 4032 738 4088 i,
745 4045 820 4087 aaa.

353 4114 431 4189 Quid
444 4137 477 4173 ec
490 4117 691 4172 contineatur?
702 4133 731 4168 n.
748 4117 774 4169 3.

350 4205 401 4256 Ara
414 4219 521 4257 vaccae
532 4199 693 4255 aestimatio
702 4200 788 4256 alteri
798 4199 906 4254 iocotoe
916 4201 932 4254 Ρ
944 4218 973 4254 rr.
988 4199 1015 4265 lys

354 4282 430 4353 Ouid
444 4286 645 4351 comestibilia,
657 4281 763 4356 etquid
775 4284 814 4340 od
823 4303 857 4338 cn
867 4282 1030 4356 reseretur?
1040 4301 1069 4339 tt·
1084 4281 1111 4338 5.

349 4375 427 4427 Pars
437 4369 565 4427 dimidio
575 4388 614 4427 aa
625 4372 709 4427 unius
721 4370 793 4428 onai
801 4408 809 4439 ,
827 4388 865 4427 cn
884 4370 1009 4424 omniurn
1019 4369 1174 4426 comestibi-

390 4458 459 4511 lium
471 4459 488 4512 t
501 4477 531 4512 a.
544 4455 572 4509 6.

350 4539 512 4612 Requiritto·
528 4541 573 4611 ι.)
591 4539 739 4610 utfiserint
755 4540 786 4594 in
799 4539 974 4611 possessione
992 4536 1088 4594 manti
1106 4547 1176 4592 tem·

384 4642 449 4696 pore
464 4626 571 4679 mortis·
583 4643 614 4677 rs.
630 4642 656 4695 7.

351 4709 400 4779 π.)
415 4729 470 4764 nors
483 4706 712 4763 destinatocerto
719 4707 895 4776 praediorum
907 4706 981 4761 usui.
995 4723 1025 4760 tr.
1038 4705 1067 4758 d.

355 4796 446 4848 Casus
459 4794 507 4848 ubi
516 4804 544 4848 et
551 4805 630 4864 porte
641 4789 907 4862 haeredumstot'tur
918 4787 1019 4844 vidua·
1034 4807 1064 4843 n.
1077 4805 1106 4862 pt

1220 4231 1308 4341 Noc
1320 4277 1368 4333 abs
1380 4293 1411 4332 re
1424 4277 1485 4345 inca
1496 4273 1566 4329 haec
1579 4270 1680 4329 viduae
1697 4271 1881 4344 competentia
1900 4275 2049 4343 coniunxi-
2104 4283 2113 4318 Ι

1221 4384 1298 4430 mus,
1314 4367 1379 4436 quia
1392 4361 1487 4416 cadem
1499 4377 1570 4431 pene
1582 4359 1611 4410 in
1630 4358 1713 4412 leudo
1732 4359 1767 4412 de
1785 4359 1820 4412 iia
1838 4360 1985 4414 constituta
2003 4379 2049 4413 re-

1221 4451 1376 4521 periuntur.
1390 4446 1477 4518 igitur
1486 4445 1660 4514 singulorum
1672 4443 1783 4512 quidem
1796 4454 1921 4498 naturam
1939 4445 1975 4496 ah
1993 4445 2048 4496 ini·

1221 4537 1261 4591 tio
1274 4534 1390 4588 seorsim
1404 4545 1590 4602 exponemus,
1604 4527 1799 4597 deinde,quid
1810 4528 1845 4582 tls
1859 4529 1894 4584 iis
1906 4545 1942 4582 ex
1959 4527 2045 4582 leudo

1221 4621 1275 4678 sibi
1289 4619 1418 4691 polliceri
1432 4617 1514 4672 vidua
1526 4625 1623 4685 queat,
1637 4612 1803 4672 ridebimus.

1255 4705 1415 4776 Dupliciter
1427 4711 1517 4755 autem
1531 4699 1604 4769 apud
1621 4715 1673 4752 nos
1690 4696 1873 4769 morgenpaha
1890 4693 2044 4766 accipitur,

1221 4804 1291 4858 quae
1303 4787 1405 4842 divisio
1417 4785 1451 4838 ad
1463 4783 1664 4855 cupiendajura
1678 4783 1808 4836 aaronica
1818 4780 2044 4848 eorumquescri·

1222 4880 1331 4943 ptores,
1350 4868 1477 4939 inprimis
1489 4865 1630 4920 conducit.
1649 4865 1748 4924 Primo
1765 4867 1839 4919 euim
1857 4861 1912 4916 hoc
1931 4865 2043 4945 nornine

1223 4953 1299 5008 seuit
1310 4953 1412 5006 donum
1425 4949 1496 5004 illud
1507 4948 1684 5015 matutinum,
1697 4945 1771 5016 quod
1789 4960 1906 5014 sponsus
1925 4961 2044 5016 sponsae

1222 5037 1252 5091 in
1265 5035 1417 5109 praemium
1429 5034 1542 5087 amisus
1554 5032 1719 5102 virginitatis
1737 5027 1843 5083 offerre
1860 5031 1947 5090 solete
1965 5031 2041 5099 quod

1224 5128 1267 5188 ct,
1279 5122 1343 5175 licet
1355 5129 1417 5175 ante
1427 5117 1554 5171 maritum
1567 5114 1694 5185 decedat,
1713 5111 1747 5166 ad
1765 5115 1883 5183 primam
1901 5125 2044 5185 cognatam

390 5217 541 5274 limitatur.
557 5237 587 5272 a.
603 5232 645 5274 12.
1221 5206 1394 5272 transmittit,
1405 5205 1465 5259 sire
1477 5202 1551 5273 quod
1565 5199 1942 5272 ejusdomiciuca,taauqnam
1951 5201 2044 5253 exdo.

353 5305 591 5374 sepulcrocrum
600 5293 841 5372 iatmmatsecda
851 5310 1080 5371 tumquomunas.
1092 5313 1122 5351 rt·
1132 5293 1175 5353 ri.
1222 5291 1334 5346 natione
1346 5291 1418 5344 inter
1430 5289 1563 5358 conjuges
1577 5288 1637 5357 lege
1649 5283 1814 5356 approbata,
1827 5285 1881 5354 jam
1889 5285 2045 5354 acquisive-

353 5386 516 5444 limitatur.
531 5407 565 5442 n.
581 5387 624 5454 ad.
1223 5377 1277 5443 rit,
1289 5375 1349 5429 sire
1359 5374 1455 5428 saltem
1466 5390 1501 5427 es
1516 5389 1549 5427 eo
1562 5371 1667 5444 capite,
1680 5368 1795 5439 quodid
1808 5387 1822 5421 a
1834 5367 1971 5433 foemina,
1989 5387 2042 5424 ceu

358 5471 465 5538 Casus,
477 5473 525 5528 udi
535 5472 599 5530 uiuo
610 5472 709 5528 morbo
720 5472 788 5526 hoec
796 5470 863 5541 juro
872 5468 940 5538 petit
948 5467 1047 5524 viduo.
1060 5485 1088 5521 aa·
1106 5466 1149 5521 ab.
1225 5477 1269 5515 res
1281 5460 1374 5529 attqua
1386 5457 1515 5528 geradica
1526 5456 1629 5511 detenta
1639 5493 1647 5523 ,
1659 5455 1756 5523 ejusve
1770 5452 1831 5504 usui
1843 5452 1964 5506 amarito
1977 5469 2044 5506 con-

355 5555 485 5611 Doturei
496 5556 736 5628 potestospropric
755 5553 920 5610 auctoritate
937 5549 1090 5620 occupandi
1106 5569 1178 5608 usos*-
1224 5561 1316 5610 cesss.
1329 5541 1454 5598 videtin!
1472 5543 1510 5596 Π·
1529 5541 1596 5596 Pill-
1615 5541 1638 5596 i·
1659 5555 1683 5593 ¹·
1703 5553 1751 5610 qu.
1769 5535 1815 5602 ii·
1833 5536 1960 5591 Madv
1969 5553 2046 5590 1²¹⁰!-

390 5641 559 5712 reagatam,
572 5659 629 5700 aon
641 5654 734 5698 autem
746 5635 943 5700 comestibilia.
957 5655 987 5692 a.
1001 5633 1043 5694 td.
1226 5626 1346 5706 peupaba
1356 5643 1467 5701 quoque
1476 5635 1610 5688 accentus
1622 5619 1791 5689 certaboua,
1803 5635 1873 5693 quae
1880 5629 2044 5694 praeterue-

357 4879 517 4949 Competunt
529 4877 596 4930 hoco
603 4876 671 4946 jura
683 4883 792 4931 tontum
805 4874 953 4932 nobilibus·
967 4895 997 4930 n.
1014 4891 1058 4928 so.

353 4963 392 5016 In
403 4961 532 5018 omnibus
546 4971 638 5016 tamen
651 4957 779 5033 praediis
797 4963 909 5028 mritiy
925 4961 997 5033 quod
1013 4963 1174 5035 ampliatur.

413 5065 446 5099 .ι
470 5085 478 5100 .

358 5063 482 5218 bibetis·
492 5132 709 5190 rosionahorum
722 5129 831 5204 jurium
847 5129 983 5188 sidonio
1001 5129 1175 5195 subsidium
