4476 6274
377 243 452 315 ,695

281 352 312 397 ss
388 339 466 390 Hunc
484 351 545 390 cero
564 335 709 406 genuinum
723 333 851 387 dictorum
866 330 1038 402 capitulorum
1058 349 1164 385 sensum

348 441 420 488 esse,
446 421 503 492 ipse
521 430 660 474 contextus
678 419 784 473 eciocit.
809 417 877 470 Nam
895 419 924 468 in
944 434 967 470 c.
987 416 1097 471 dadum.
1124 425 1164 467 tt.

348 504 382 562 de
396 504 542 573 praebend.
561 502 589 556 in
611 513 665 556 tto.
679 501 805 555 Pontifex
817 501 906 570 primo
919 499 1042 570 episcopo
1054 517 1163 570 praene-

349 591 424 643 stino
448 597 602 658 potestatem
628 585 784 640 consistendi
810 584 961 648 concessit,
987 595 1076 655 postea
1108 583 1166 654 ipse

351 672 479 745 pontifex
496 669 643 725 camerario
667 667 847 740 praebendam
872 665 1000 727 contulit;
1020 665 1167 735 posthanc

349 759 518 811 collationem
537 755 645 807 demum
665 770 738 806 susm
759 749 934 822 praebendam
953 749 1077 802 Nicotaus
1097 749 1162 800 resi·

349 841 445 910 guerit
469 840 499 892 in
518 854 612 890 manus
635 834 755 906 episcopi
781 831 955 903 praenestini,
976 840 1013 893 et,
1026 832 1165 900 episcopus

348 937 419 979 tunc
435 941 493 977 enm
512 921 677 990 Guiglielmo
701 917 852 990 presbytero
870 916 995 979 contum,
1015 925 1039 968 et
1066 913 1167 966 decidit

349 1007 495 1082 pontifex,
513 1003 704 1068 camerarium,
723 1011 818 1073 utpote
835 1001 879 1054 cui
905 1000 981 1069 prior
1006 998 1112 1050 collatio
1131 995 1170 1049 la·

352 1104 408 1158 111,
427 1090 635 1164 praeterendum
657 1105 727 1152 esses
745 1085 820 1138 addit
844 1083 991 1148 rationem,
1009 1082 1070 1152 quia
1090 1090 1165 1152 pote·

354 1185 448 1229 statem
468 1171 641 1235 conterendi,
654 1187 732 1240 quam
750 1169 874 1240 episeopo
893 1165 1087 1229 concessimus,
1100 1180 1169 1218 eam·

351 1259 412 1312 dem
431 1254 698 1328 praeoccupavimusq
709 1251 778 1320 quod
792 1250 863 1304 idem
883 1259 972 1318 postea
991 1248 1087 1318 repetit
1099 1264 1166 1318 pon·

357 1341 424 1396 tiles
442 1357 490 1412 per
513 1339 591 1393 arrha
616 1337 646 1388 in
665 1333 820 1406 parenthesi
845 1333 933 1402 posita
950 1330 1088 1396 (mersisne
1113 1331 1170 1395 lu'c,

353 1427 403 1480 uti
413 1425 475 1495 jam
493 1421 581 1475 dictus
596 1415 766 1472 camerarius
783 1425 850 1470 ante
865 1414 966 1467 dictam
986 1409 1169 1464 renunciatio-

352 1526 416 1562 nem
434 1513 630 1576 peruaserat
649 1500 761 1572 efflctm
778 1497 956 1566 eanonicus.)
976 1497 1073 1548 Eadem
1093 1495 1170 1564 plane

353 1591 453 1646 decisio
472 1601 513 1644 est
530 1590 560 1641 in
579 1605 601 1642 c.
622 1597 665 1640 st.
677 1585 711 1638 de
728 1582 879 1654 praebend.
893 1583 922 1632 s'n
943 1590 995 1632 sto.
1007 1595 1056 1648 per
1076 1575 1167 1661 serbp:

351 1686 415 1745 post
428 1672 593 1747 praedictam
610 1667 732 1741 gratiam
750 1667 933 1737 tilifactom,
959 1663 1006 1732 (ut
1029 1677 1067 1716 sc.
1085 1659 1172 1714 alicui

355 1760 549 1814 canonicatum
569 1753 733 1827 conferres)
748 1750 938 1804 mandavimus
951 1745 1036 1799 alicui
1046 1743 1172 1815 speciali·

356 1854 399 1896 ter
419 1841 572 1911 provideri,
596 1859 649 1911 quo
662 1836 746 1906 sacto
773 1846 803 1889 ta
827 1830 955 1902 conjirre
979 1830 1096 1900 amplius
1115 1847 1172 1881 non

352 1939 440 1998 potes.
458 1928 492 1980 Et
509 1927 607 1980 clarius
625 1924 694 1978 circa
707 1921 804 1976 finem:
819 1938 870 1974 nos
886 1933 981 1972 eorum
999 1913 1113 1984 aliquod
1123 1932 1172 1968 an·

358 2021 468 2082 tequam
489 2021 519 2065 tu
543 2009 683 2079 confisos,
704 2005 880 2076 conseramus
904 1999 1059 2070 specialiter
1081 1999 1173 2052 alicui.

356 2093 398 2146 Ex
415 2093 515 2163 quibus
531 2089 742 2163 apparet,nil1il
761 2089 806 2142 hic
825 2087 921 2140 iulerri
939 2085 972 2138 ad
991 2101 1077 2136 cusum
1097 2097 1174 2152 prae·

359 2187 480 2242 sentem,
494 2173 541 2228 ubi
561 2192 613 2228 nou
633 2181 750 2244 potestas
760 2171 919 2228 conserendi
934 2169 962 2222 in
981 2185 1078 2238 genere
1096 2166 1173 2234 duta,

357 2262 404 2314 sed
424 2261 483 2331 ipsa
500 2258 606 2314 collatio
624 2273 711 2313 revera
729 2256 797 2310 lacta
815 2255 847 2308 dc
860 2250 991 2309 beneficio
1002 2251 1089 2324 primo
1101 2267 1175 2304 saca·

364 2354 441 2410 turo,
462 2351 489 2397 et
512 2353 609 2414 postea,
631 2341 739 2394 demum
763 2339 878 2410 speciale
902 2331 1078 2397 beneficium,
1104 2330 1174 2402 quod

358 2439 449 2482 samen
467 2424 518 2480 sub
533 2427 582 2478 illo
592 2425 710 2496 generali
722 2425 921 2485 continebatur,
933 2419 1013 2472 alicui
1032 2418 1155 2470 collatum
1166 2450 1174 2479 ,

361 2511 409 2562 ubi
427 2509 539 2563 omnino
558 2509 646 2579 potius
665 2511 707 2578 jus
725 2507 817 2570 babet,
830 2505 872 2558 cui
887 2503 961 2575 prius
978 2500 1045 2554 lacta
1064 2498 1176 2553 collatio.

360 2591 401 2644 Ex
412 2592 508 2662 quibus
526 2591 650 2645 omnihus
668 2601 758 2661 patet,
772 2591 800 2641 in
814 2591 872 2658 jure
890 2585 1018 2641 canonico
1030 2582 1173 2654 patrocinii

964 236 1153 294 utsrurtr.
1171 240 1244 296 XVI.
1263 239 1379 299 c‘trttr
1399 244 1423 298 1.

1214 337 1389 404 quantitatem
1410 334 1554 407 quotannis
1571 332 1777 406 porrigendam,
1790 335 1859 406 quod
1878 335 1966 407 ipstssu
1985 351 2031 388 so·

1215 437 1274 473 care
1293 422 1378 474 solent
1397 421 1442 474 ein
1460 424 1521 476 Aur
1534 419 1660 490 Gedinge.

1251 505 1286 556 Ut
1305 503 1342 556 ita
1360 523 1392 557 ex
1405 503 1450 556 his
1460 510 1603 575 appareat,
1616 520 1721 556 sensum
1740 502 1871 558 literalem
1891 501 1969 556 istius
1988 509 2029 554 te-
2067 507 2106 551 ss

1216 596 1277 639 xtus
1303 587 1417 642 feudalis
1441 587 1558 641 saxonici
1586 605 1643 640 esse
1667 588 1753 641 hunc:
1771 588 1875 659 quando
1901 589 2029 642 dominus

1215 671 1287 723 leudi
1306 674 1384 725 alicui
1398 691 1399 696 ¹
1411 671 1534 725 concedit
1558 672 1750 743 expectatimus
1773 672 1922 742 generalem
1940 680 1968 724 et
1986 670 2034 724 iu·

1216 752 1350 810 definitam
1370 756 1402 807 de
1420 754 1499 809 leudo
1516 757 1632 826 primum
1650 766 1783 819 vacaturo,
1802 765 1892 826 postea
1910 751 2036 808 aeroalii

1215 837 1337 890 concedit
1355 838 1548 908 expectativam
1574 856 1625 892 uon
1645 837 1679 890 de
1699 835 1776 890 leudo
1802 838 1875 909 ipso,
1895 836 1941 890 sed
1961 845 2034 890 certa

1216 922 1363 991 quantitate
1383 920 1519 974 fructuum
1537 924 1577 974 ecl
1590 923 1715 994 pecuniae
1733 921 1766 972 de
1782 931 1811 974 et
1829 937 1861 974 es
1880 919 1960 974 teuto
1971 936 2034 990 per·

1216 1007 1339 1060 soheuda
1359 1007 1391 1060 ab
1410 1025 1456 1074 eo,
1475 1007 1507 1060 ad
1525 1025 1603 1076 quem
1623 1005 1688 1058 illud
1707 1005 1815 1059 teuton
1834 1013 2029 1074 percensuram

1217 1089 1277 1160 (uti
1303 1088 1604 1144 astisinnuuntserba:
1623 1089 1682 1141 Ein
1708 1089 1826 1142 lenandt
1852 1087 1974 1156 Gedinge
1991 1103 2034 1141 urs

1218 1176 1306 1227 es'nem
1324 1172 1419 1242 helen)
1438 1171 1507 1242 quod
1527 1189 1622 1244 nempe
1641 1181 1704 1224 tunc
1729 1171 1793 1224 huic
1811 1189 1864 1224 noa
1882 1169 1968 1224 obstet
1985 1184 2033 1238 ge·

1219 1255 1317 1312 aeratis
1336 1255 1496 1325 expectatira
1508 1255 1644 1316 anterior,
1658 1251 1703 1306 sed
1716 1251 1893 1305 nihilominus
1910 1261 2037 1321 expecta-

1221 1339 1329 1392 titarius
1348 1337 1394 1390 itte
1417 1337 1548 1406 generalis
1571 1345 1663 1407 aperto
1688 1337 1739 1390 hoc
1765 1335 1845 1390 leudo
1863 1341 1982 1388 teneatur
1999 1333 2036 1388 ad

1219 1423 1409 1477 exsolutionem
1429 1433 1453 1472 et
1475 1421 1675 1491 praestationem
1694 1420 1778 1474 dieses
1795 1419 1954 1474 benundten
1977 1419 2036 1474 Ge·

1220 1506 1323 1578 dr'nges.
1342 1504 1420 1574 Quod
1439 1504 1526 1574 ipsum
1544 1505 1653 1574 quidem
1671 1506 1833 1575 permissum
1851 1502 1954 1557 ridetur
1971 1503 2035 1571 jure

1221 1590 1345 1646 saxonico
1362 1605 1411 1659 per
1429 1587 1498 1640 bunc
1512 1598 1625 1656 textum3
1639 1587 1685 1642 sed
1698 1597 1785 1641 tamea
1804 1585 1854 1640 boe
1872 1587 1901 1640 iu
1919 1603 1980 1640 casu
1993 1603 2038 1640 re·

1220 1691 1325 1746 gressus
1343 1671 1375 1728 ad
1394 1675 1523 1727 interesse
1548 1672 1656 1725 dabitur
1678 1669 1879 1744 expectatlsario
1904 1668 2032 1724 adsersus

1221 1759 1362 1813 dominum
1381 1757 1471 1822 leudi,
1489 1758 1563 1824 cujus
1580 1754 1649 1810 laeto
1667 1755 1774 1810 feudum
1793 1764 1916 1825 apertum
1935 1753 2037 1809 facturas

1223 1842 1272 1896 luit
1290 1841 1420 1895 deterius.
1439 1839 1670 1909 Quemadmodum
1695 1839 1760 1892 alias
1778 1847 1806 1894 et
1823 1839 1905 1892 ddses
1922 1849 2035 1894 contra·

1223 1925 1291 1980 riam
1316 1925 1432 1980 forentes
1457 1925 1613 1978 emrtemiam
1637 1934 1770 1987 statuunt,
1788 1940 1911 1978 concessa
1930 1922 2037 1978 dnobus

1223 2009 1401 2080 expectatisa,
1420 2007 1468 2060 uni
1486 2009 1661 2076 generaliter,
1673 2007 1748 2062 alteri
1768 2007 1933 2078 specialiter,
1960 2009 1982 2062 si
1994 2012 2040 2079 ju·

1225 2103 1267 2145 xta
1287 2090 1446 2163 hypothesin
1464 2091 1573 2144 illorum
1594 2091 1678 2164 priori
1697 2092 1813 2162 geuerdi
1832 2093 2041 2163 expectetirario

1225 2176 1353 2247 eripietur
1371 2174 1490 2240 seudum,
1511 2174 1580 2246 quod
1606 2185 1668 2229 tunc
1691 2175 1779 2230 eidem
1802 2175 1880 2231 detur
1897 2193 2036 2247 regressus

1225 2261 1257 2316 ad
1282 2261 1411 2315 interesse
1440 2255 1531 2314 contra
1559 2259 1698 2315 dominura
1727 2259 1803 2315 leudi
1834 2262 2037 2332 concedemus,

1225 2347 1328 2396 Hartm.
1349 2344 1417 2396 Pisi.
1434 2343 1487 2396 loc·
1505 2343 1551 2396 eil.

1261 2426 1382 2482 Remotis
1407 2426 1491 2498 igitur
1515 2427 1642 2481 hacteuus
1668 2439 1827 2500 apparenter
1853 2428 1949 2484 talibus
1966 2429 2036 2498 iuris
2078 2433 2118 2476 ²⁶

1227 2511 1348 2565 eanouici
1372 2521 1398 2566 ut
1423 2519 1450 2564 et
1473 2511 1591 2564 saxonici
1616 2513 1773 2581 obstaculis,
1797 2501 1941 2569 ridendum
1966 2530 2038 2566 nuno

1227 2594 1297 2659 erit,
1309 2605 1435 2666 spirantum
1455 2593 1520 2648 insit
1537 2593 1642 2648 roboris
1660 2599 1822 2666 argumentis
1840 2614 1874 2651 ex
1889 2599 1948 2667 jure
1964 2596 2040 2652 cirili

359 2677 431 2731 nihil
449 2693 501 2747 pro
518 2675 652 2730 contraria
669 2676 797 2748 opinione
810 2672 1015 2745 quaeri,molto
1035 2667 1175 2723 minaria·
1226 2678 1324 2731 .1t,ai„
1350 2676 1397 2730 Εςι
1418 2692 1480 2732 ,em
1503 2678 1639 2747 unicum,
1662 2681 1704 2734 „11
1730 2696 1808 2754 '‘lt''
1833 2682 1949 2746 dmum,
1967 2681 2039 2753 quod

360 2759 446 2815 veniri
465 2777 552 2832 posse.
1227 2765 1412 2815 hartmannus
1431 2761 1595 2827 Pistoris,et
1607 2763 1653 2834 qui
1672 2781 1733 2817 eura
1753 2766 2039 2836 sequnntur,allegat,

397 2845 522 2916 Sequitur
539 2849 593 2916 jam
619 2854 707 2899 textus
724 2844 792 2915 juris
817 2839 953 2905 saxonici,
971 2836 1004 2892 ad
1028 2857 1107 2912 quern
1132 2855 1175 2894 re·
1228 2845 1374 2900 nimirum:
1394 2845 1423 2898 in
1443 2855 1497 2900 toto
1515 2850 1573 2916 jure
1590 2847 1681 2917 generi
1701 2847 1822 2920 derogari
1840 2865 1890 2922 per
1906 2851 2040 2921 speciem,

363 2929 480 3002 spondeo
502 2940 524 2982 1.
544 2929 615 3002 quod
639 2945 718 3000 supra
738 2927 846 2995 dejure
873 2939 967 2977 canon.
985 2921 1087 2976 dictum
1106 2921 1176 2988 luit,
1226 2932 1245 2984 1,
1267 2943 1309 2984 00,
1318 2927 1359 2999 ff,
1376 2932 1410 2986 a,
1426 2948 1480 3001 reg,
1491 2931 1553 3004 jur,
1565 2935 1637 3001 quod
1656 2933 1736 2987 essm
1750 2933 1858 2989 ὥρια,
1870 2936 1899 2990 5„
1916 2953 1940 2990 ο,
1953 2935 2040 2990 apd,

360 3032 416 3069 uon
433 3015 545 3070 ulterius
564 3016 666 3078 utere,
683 3031 761 3085 quem
780 3013 809 3063 in
829 3008 909 3064 ‘etti’
921 3006 1067 3070 3¹¹⁰¹tl⁸⁰s
1085 3017 1114 3060 θῑ
1131 3005 1176 3058 ubl
1228 3033 1283 3086 reg·
1293 3015 1351 3088 jar.
1371 3017 1401 3068 in
1421 3025 1474 3068 tto.
1492 3025 1520 3068 et
1537 3016 1627 3070 eadem
1647 3018 1751 3071 ratione
1772 3017 1893 3072 utebatur
1917 3016 2041 3089 poatiies

360 3100 536 3168 peculiariter
554 3108 691 3170 receptam
708 3097 849 3169 probum,
867 3092 1032 3166 proindeque
1051 3090 1178 3160 regulari·
1229 3101 1258 3152 tn
1277 3099 1404 3169 capitatia
1423 3099 1547 3170 rupertus
1571 3101 1704 3172 expostus
1723 3112 1764 3155 ss.
1787 3112 1814 3158 et
1834 3113 1876 3155 se.
1895 3101 1929 3157 de
1945 3103 2042 3174 praet.

362 3195 405 3236 ter
422 3183 455 3236 ad
472 3183 635 3237 decidendas
653 3183 822 3252 quaestiones
840 3179 872 3231 de
889 3180 949 3247 iure
966 3175 1101 3227 communi
1121 3170 1178 3225 leu·
1227 3187 1258 3237 ,1,
1278 3193 1332 3236 ςω,
1351 3181 1404 3238 ssd
1424 3183 1572 3254 „aponum
1593 3195 1616 3238 ι,
1634 3184 1723 3239 dando
1755 3185 1924 3240 tummim:
1942 3184 1977 3238 d,
1996 3185 2044 3256 ¹¹5·

355 3267 415 3328 dail
434 3267 506 3320 nihii
526 3264 648 3319 conserte
665 3281 744 3334 posse
770 3275 795 3314 2.
821 3263 907 3326 Dies),
922 3257 1084 3328 legibiliori!
1103 3273 1177 3310 Μῦ-
1228 3268 1337 3337 pothecp
1356 3267 1471 3335 gemuli
1492 3279 1516 3322 ει
1534 3269 1652 3339 gpegigli,
1666 3268 1821 3340 Eppotbffl
1834 3268 2045 3340 guimgpeciglh

357 3353 420 3412 ,uici
443 3361 576 3419 mentem,
601 3349 641 3400 uti
667 3347 735 3399 mihi
761 3345 869 3416 quidem
896 3343 1017 3406 ridetur,
1044 3356 1177 3408 nunquam
1229 3350 1359 3419 posterior
1377 3367 1430 3401 aon
1449 3349 1599 3419 praelectus
1619 3353 1776 3421 hypothecae
1793 3353 1908 3422 generali
1927 3353 2045 3408 anterio-

361 3437 444 3492 iuisse
456 3439 549 3504 talem,
561 3435 664 3506 qualem
683 3430 735 3502 ipsi
755 3430 805 3482 hoc
818 3428 847 3479 in
860 3443 921 3478 casu
933 3419 1027 3493 affingi
1041 3421 1178 3485 ridemuss
1230 3433 1267 3497 ri,
1283 3449 1334 3504 per
1349 3431 1368 3484 l.
1389 3440 1414 3485 2.
1422 3429 1464 3501 ff.
1483 3432 1530 3501 qui
1544 3431 1647 3500 potiar.
1667 3435 1696 3484 in
1712 3433 1787 3502 pigre.
1799 3444 1826 3490 et
1842 3432 1887 3487 dd.
1901 3435 1939 3487 ad
1949 3433 2045 3490 eansd.

361 3522 391 3575 id
404 3522 474 3593 quod
493 3521 610 3576 studiose
621 3518 696 3572 rerba
716 3525 779 3571 text.
798 3511 1010 3584 ponderantibus
1028 3505 1128 3578 patebit
1140 3505 1177 3557 la·
1229 3533 1250 3570 a
1269 3526 1380 3570 nonest
1403 3525 1577 3588 perpensum,
1596 3515 1623 3568 in
1650 3526 1704 3572 toto
1730 3519 1789 3586 jare
1812 3519 1904 3587 generi
1922 3517 2045 3589 derogari

362 3608 429 3674 uile,
448 3606 650 3662 diciturenim:
674 3602 795 3658 ll'elclrer
812 3601 889 3654 Herr
905 3597 951 3650 ein
972 3595 1027 3648 Gut
1042 3593 1123 3645 leilset
1139 3589 1177 3644 ei·
1231 3618 1278 3673 pe,-
1303 3599 1427 3671 spectem,
1451 3604 1509 3654 1100
1534 3601 1628 3671 inque
1653 3601 1866 3657 ,nimquam
1898 3603 2045 3676 Phffipp„

308 3711 310 3716 ·
363 3708 426 3746 nem
435 3691 538 3762 fiinen
565 3692 671 3744 Mane:
687 3687 721 3742 Et
738 3694 846 3757 postea:
870 3681 934 3736 llud
949 3679 1073 3758 darseclt
1091 3678 1178 3730 einem
1230 3684 1359 3738 Matthaei
1377 3685 1406 3738 in
1426 3684 1499 3738 notis
1514 3685 1552 3737 ad
1567 3701 1623 3756 reg.
1632 3685 1722 3759 juris,
1738 3697 1766 3740 et
1783 3686 1892 3757 quidem
1910 3687 1929 3740 l.
1950 3701 2045 3752 sor-ra.

367 3777 475 3834 andern
494 3777 575 3829 laihet
592 3783 715 3828 constan
736 3771 820 3824 einem
839 3765 987 3830 lehn,ein
1000 3759 1115 3816 benandt
1130 3761 1179 3812 Ge·
1233 3781 1273 3822 ts.
1292 3769 1357 3821 haec
1381 3766 1471 3822 eadem
1492 3768 1637 3840 consiliare
1661 3779 1781 3836 tentans,
1803 3773 1837 3824 ita
1855 3773 1948 3826 sentit:
1967 3773 2047 3844 quod

365 3857 455 3930 dirige,
466 3857 520 3912 Ubi
541 3873 603 3910 saue
621 3855 736 3924 insignis
754 3849 965 3922 deprehenditur
977 3845 1125 3899 differentia
1138 3843 1179 3892 in·
1232 3851 1409 3926 pappiana,
1426 3853 1457 3906 p,
1472 3869 1512 3920 pr,
1524 3853 1542 3906 ι,
1558 3862 1582 3904 2,
1595 3852 1760 3925 purcpah„
1780 3854 1810 3907 f„
1825 3854 1933 3927 prgam,
1945 3860 2045 3912 ,mm

368 3954 411 3998 ter
429 3943 508 3996 baec:
528 3940 584 3996 Ein
606 3941 659 3993 Gut
676 3937 780 4001 leihen,
798 3944 826 3988 at
844 3933 925 3997 hauns,
937 3951 975 3986 an
993 3929 1082 3982 einem
1101 3925 1178 3978 teta
1230 3935 1461 3999 creditorem,cui
1469 3955 1506 3990 en·
1517 3935 1599 3990 lonis
1613 3935 1745 3991 debitoris
1756 3939 1891 4010 specrbtim
1902 3941 2046 4007 praedium

370 4031 416 4083 es'n
442 4025 564 4082 lenondt
589 4023 706 4092 Gedinge
731 4021 828 4074 leihen.
854 4019 932 4070 Prius
958 4013 1046 4084 ipsunt
1072 4008 1178 4062 seudum
1228 4017 1344 4090 pignori
1358 4019 1452 4074 datum
1472 4020 1671 4089 eet,potiorem
1689 4037 1748 4072 non
1767 4020 1865 4073 haberi
1879 4039 1925 4087 eo,
1940 4025 2046 4094 paige·

364 4110 516 4174 concernit,
540 4106 668 4179 posterius
693 4094 765 4158 vero¹
778 4109 875 4155 certam
899 4106 1002 4168 pestem
1027 4094 1114 4156 leudis
1140 4091 1181 4144 '⁸¹
1230 4104 1361 4157 neraliter
1376 4103 1469 4156 omnia
1493 4101 1623 4156 debitoris
1646 4101 1720 4157 lona
1742 4105 1856 4174 pignori
1878 4105 1991 4176 accepit,
2013 4105 2045 4160 id

363 4197 512 4268 portionem
532 4201 632 4246 certem
652 4189 685 4243 de
703 4187 781 4242 leudo
799 4182 1000 4256 praestandam:
1013 4181 1041 4232 ld
1058 4179 1127 4250 quod
1142 4179 1181 4230 in·
1231 4185 1354 4255 regulam
1373 4203 1431 4239 non
1449 4185 1584 4257 infringit.
1601 4187 1742 4254 Quoniam
1754 4187 1886 4252 creditor,
1898 4187 1945 4242 cas‘
1958 4205 2044 4256 gene·

255 4271 266 4297 r
364 4279 417 4332 lert
436 4277 589 4332 vocabulum
608 4293 647 4331 an
664 4283 692 4325 et
721 4269 850 4338 Gedinge.
875 4263 1036 4323 Vocabulum
1060 4265 1130 4317 enim
1147 4257 1178 4312 cb
1230 4268 1327 4324 naliter
1345 4269 1419 4322 bona
1447 4269 1576 4323 debitoris
1598 4279 1678 4323 erant
1701 4268 1903 4340 oppignorata,
1926 4271 2044 4328 alterans

369 4361 489 4435 Gedinge
506 4361 612 4418 denotat
626 4377 679 4413 uon
695 4359 782 4428 ipsam
801 4353 975 4409 substantiam
988 4349 1060 4404 leudi
1080 4354 1119 4405 sel
1132 4351 1176 4406 bo·
1232 4363 1352 4422 ternpore
1362 4361 1563 4422 praevenerat,
1578 4369 1660 4422 eaque
1676 4349 1783 4405 ratione
1793 4353 1820 4407 ei
1827 4351 2043 4422 praeferebatur.

365 4469 479 4516 norom,
498 4448 546 4502 sed
570 4445 641 4518 quod
658 4461 691 4500 ex
715 4443 782 4515 ipsis
807 4449 878 4494 certa
894 4437 944 4489 sub
960 4435 1114 4490 conditione
1132 4437 1184 4489 sol-
1230 4434 1369 4508 Siqas‘dem
1387 4435 1439 4487 hae
1455 4451 1519 4490 casu
1534 4436 1673 4507 proevalet
1689 4436 1727 4500 is,
1746 4435 1794 4506 pai
1808 4435 1956 4507 praevenit
1974 4447 2044 4490 tem·

367 4535 480 4591 „ndum
499 4541 549 4586 ar,
1229 4538 1305 4590 pore.
1319 4519 1372 4574 Sed
1386 4535 1446 4573 sero
1458 4519 1545 4588 qualis
1564 4516 1721 4589 responsio?
1735 4519 1869 4590 Quicquid
1883 4529 1972 4574 autem
1989 4522 2045 4587 sit,

361 4670 364 4680 ,
404 4617 445 4670 lta
463 4615 595 4687 accipitur
612 4615 642 4666 in
660 4613 717 4681 lure
735 4607 833 4664 leudali
851 4607 979 4663 saxonico
996 4615 1077 4658 111.
1097 4605 1125 4655 in
1138 4621 1182 4656 eo·
1230 4616 1257 4660 et
1273 4593 1437 4674 quocumque
1454 4602 1534 4658 nuto
1551 4602 1619 4655 hanc
1639 4603 1838 4673 responsionem
1857 4613 1962 4665 sertas,
1980 4621 2040 4657 ma·

370 4701 463 4754 cabulo
482 4697 704 4766 neit-Gertnge,
721 4694 790 4748 oder
814 4691 995 4748 Leib-erclst.
1019 4685 1063 4742 sid
1089 4688 1180 4742 Zebel·
1230 4695 1307 4749 nebit
1324 4704 1411 4747 tamea
1430 4693 1497 4747 hoc:
1514 4693 1655 4764 aliquando
1673 4693 1764 4763 generi
1783 4711 1836 4746 non
1857 4693 1978 4764 derogari
1992 4713 2043 4766 pes

369 4785 400 4837 in
420 4783 491 4836 notis
509 4781 574 4834 ibid·
592 4781 632 4833 lit.
644 4797 670 4832 a.
683 4779 714 4830 t'n
732 4776 802 4830 med·
820 4776 866 4844 qui
885 4775 977 4828 htettt
994 4770 1080 4824 addit:
1096 4772 1137 4822 hit
1152 4771 1180 4822 ia
1230 4779 1363 4850 speciem:
1381 4789 1407 4832 et
1425 4778 1462 4832 ita
1481 4780 1680 4848 generalitatem
1699 4778 1808 4847 regulae
1823 4777 1943 4848 inlriugi.
1958 4777 2047 4833 Bron-

368 4877 444 4921 texto
468 4865 589 4935 Gedinge
614 4871 721 4916 rotatur
739 4859 888 4914 dotalitium
912 4856 983 4928 quod
1010 4856 1084 4924 vulgo
1102 4855 1182 4909 lets-
1229 4863 1330 4915 1110111,
1348 4863 1376 4915 tn
1394 4869 1472 4917 emes,
1489 4861 1523 4915 de
1541 4879 1595 4933 '⁶8-
1606 4863 1665 4936 jur,
1684 4860 1722 4915 αα
1743 4861 1818 4914 ciras,
1843 4861 1861 4915 ι,
1881 4873 1924 4914 nn,
1942 4871 2044 4920 nom,

371 4950 458 5004 luchs
475 4951 636 5021 appelhtur.
660 4947 700 4998 Et
722 4946 824 4998 Glossa
848 4941 909 4995 ibid.
929 4959 956 4995 n.
982 4951 1007 4996 t.
1028 4941 1088 4996 Jhr
1103 4941 1183 4994 tollet
1232 4947 1316 4998 valere
1334 4947 1451 5014 regulam
1469 4944 1616 5007 trifariam,
1639 4957 1662 4998 1.
1681 4943 1710 4997 in
1729 4944 1845 5015 legibus,
1861 4954 1886 4997 t.
1904 4947 2044 5000 contracti·

372 5038 469 5090 crissen
488 5051 543 5086 suas
560 5034 604 5084 ein
626 5026 830 5097 Laii-Gedinge
847 5026 959 5079 lrt.Ein
976 5025 1181 5094 leil-Gedinge
1230 5027 1293 5091 bus,
1311 5037 1339 5082 et
1358 5039 1382 5081 s·
1400 5029 1503 5081 ultimis
1520 5027 1705 5082 uoluntatibus.
1723 5025 1764 5078 Es
1781 5044 1834 5096 qno
1859 5027 2044 5081 1111111111-

371 5120 407 5173 s'st
427 5120 487 5172 es'ne
508 5116 597 5178 Gale,
619 5113 724 5168 dicein
744 5113 835 5166 menn
856 5111 957 5164 scissem
988 5110 1078 5165 Weibe
1093 5110 1183 5179 gielet
1230 5129 1274 5165 ro:
1294 5129 1356 5180 ergo
1373 5128 1427 5164 uon
1446 5109 1474 5163 iu
1495 5118 1554 5164 toto
1569 5113 1628 5179 iure
1645 5109 1735 5179 generi
1754 5109 1896 5180 derogatur
1913 5127 1961 5183 per
1978 5129 2041 5182 spe·

375 5207 427 5274 (an
447 5201 586 5254 Fratclsten
605 5198 673 5252 oder
689 5213 728 5251 an
748 5193 868 5266 Zinsen)
886 5195 944 5249 and
959 5193 1003 5247 dle
1021 5212 1052 5248 er
1071 5193 1119 5246 mit
1131 5194 1179 5246 der
1229 5199 1307 5250 ciem.
1327 5195 1468 5268 Philippus
1487 5195 1583 5248 Decius
1600 5197 1631 5247 s'n
1647 5205 1824 5248 commentar.
1844 5195 1882 5249 ad
1899 5197 2042 5270 1131141-

372 5287 462 5342 Erben
492 5284 597 5340 stataet
619 5283 705 5352 gelen
728 5295 816 5342 mass,
835 5278 892 5331 und
914 5281 985 5332 auch
1010 5279 1181 5349 bestaettrgen
1227 5281 1269 5335 ris
1286 5279 1319 5334 ad
1339 5280 1406 5333 hanc
1428 5281 1447 5332 l.
1468 5290 1493 5332 e.
1511 5278 1593 5331 dicit:
1613 5279 1699 5332 eslere
1727 5291 1749 5330 1.
1772 5276 1801 5330 in
1821 5278 1926 5348 legibus
1945 5289 1971 5331 et
1990 5286 2043 5330 sta·

371 5373 465 5426 lassen
482 5369 531 5422 mit
546 5369 594 5422 des
611 5369 716 5422 stenen
736 5362 922 5432 Besvilligrsng.
941 5361 1069 5414 Eumdem
1084 5362 1113 5413 iu
1127 5379 1182 5413 mo·
1232 5363 1305 5417 tutis.
1326 5373 1349 5414 1.
1369 5365 1470 5434 poenis.
1486 5376 1509 5416 s.
1521 5361 1624 5432 tegatis.
1646 5373 1669 5412 t.
1688 5361 1868 5435 petitionibus
1886 5372 1914 5415 et
1933 5369 2043 5414 senten-

372 5458 435 5508 dum
454 5456 483 5507 in
501 5451 622 5504 Marchia
642 5461 726 5502 nostra
752 5447 996 5516 brandenburgensi
1015 5446 1085 5499 inter
1103 5445 1182 5498 rusti·
1232 5449 1287 5500 tiis.
1307 5460 1331 5501 1.
1349 5448 1453 5502 ultimis
1469 5445 1735 5501 uoluntatibus.t.ln
1753 5445 1830 5500 laudo
1848 5457 1873 5500 et
1892 5443 2041 5515 rescriptis.

373 5557 417 5592 ens
435 5537 555 5599 obtinet,
573 5543 603 5590 ut
620 5542 758 5605 parentes,
771 5531 901 5584 tradendo
918 5529 1015 5583 liheris
1031 5529 1088 5582 suis
1106 5545 1181 5600 prae·
1231 5531 1270 5584 lit.
1289 5533 1312 5586 b.
1333 5551 1358 5585 n.
1380 5543 1404 5585 1.
1424 5541 1448 5584 t.
1467 5543 1492 5582 s.
1510 5541 1537 5584 et
1552 5547 1623 5602 seqq·
1641 5529 1701 5584 Non
1720 5548 1781 5584 sero
1798 5530 1827 5582 in
1846 5529 2001 5599 privilegiis
2016 5535 2043 5578 et

373 5623 432 5691 dia,
451 5624 473 5676 si
499 5627 635 5676 reservent
658 5627 756 5672 certam
783 5613 917 5671 leuetuum
942 5623 969 5668 et
988 5612 1181 5671 truncatorum
1233 5615 1356 5673 mandato
1372 5613 1456 5670 fiscali
1476 5634 1502 5670 ra
1519 5627 1563 5669 11.
1577 5615 1747 5671 11811111
1761 5613 1855 5670 nonio
1869 5605 2047 5667 bistisdeml
