4476 6274
281 299 334 366 bd!
896 291 945 346 DE
964 281 1059 342 wan
1078 275 1260 336 Guttlntt'..
1316 287 1322 294 '
1817 285 1870 355 ιιι

224 403 346 454 ..ΝΜ
360 416 416 452 „„„
429 393 503 452 feudi
515 406 706 457 assensores,
721 388 768 442 sed
778 385 875 441 allodii
885 388 1046 440 tenemium
1096 372 1219 429 fraudem
1231 374 1400 428 creditorum
1414 375 1496 444 plura
1509 375 1583 432 bona
1602 377 1731 435 utensilia
1746 397 1925 454 comparasse

225 485 423 556 nisi·eapresse
435 481 469 534 de
489 495 520 530 ea
539 494 601 530 cuns
621 476 740 528 foemina
759 471 950 526 consecutur.
971 465 1049 518 Situ!
1098 462 1267 530 apparuerit.
1281 459 1318 512 Π·
1333 458 1399 515 pm·
1413 460 1431 512 ι’
1451 478 1475 512 ¹·
1487 481 1513 533 l·
1528 462 1573 516 3¹·

227 579 316 622 w,
330 567 493 621 ,actoritate
507 559 661 630 occupandi
676 567 793 630 potestas
807 558 831 610 ei
844 557 904 608 data
918 553 947 603 in
959 559 1047 604 const.
1132 545 1163 596 ln
1177 562 1209 598 eo
1224 547 1304 600 etium
1318 543 1386 598 baec
1399 544 1459 612 jura
1474 545 1620 614 differunt,
1639 549 1747 618 quodsi
1763 551 1844 606 vidua
1854 571 1921 624 prae

225 650 271 702 33,
283 671 312 722 „‚
326 651 353 703 3,
366 649 449 704 unda
461 644 587 700 eudendo
596 643 705 712 quidem
715 637 921 712 geradieaehae
933 645 1049 702 resper·
1097 631 1221 684 dotalitio
1235 629 1326 683 dotem
1341 629 1486 694 maluerit,
1500 639 1523 682 et
1534 631 1744 702 morgangabam
1758 643 1783 687 et
1797 639 1925 691 comesti·

225 733 385 802 pipiantes,
398 739 557 783 nontamen
571 741 641 778 onus
654 725 730 777 leudi
743 732 814 776 sunt.
1098 715 1167 768 bilia
1182 717 1298 775 amittata
1317 713 1445 784 geradam
1460 731 1529 769 nero
1545 733 1598 768 una
1619 734 1680 769 curn
1700 718 1763 772 dote
1783 721 1923 792 lueretur,

161 845 166 850 .
259 813 432 884 pompm„
445 822 532 864 umen
546 812 625 862 esum
639 809 674 862 ,b
688 809 808 860 invicem
820 801 966 856 differuntr
983 811 1047 850 cum
1097 797 1325 869 quemadmodum
1340 807 1362 850 et
1377 798 1439 865 jure
1454 799 1593 850 communi
1605 799 1672 852 dote
1683 817 1732 852 sua
1742 841 1748 863 ,
1760 817 1828 870 prae
1842 812 1926 856 statu·

226 899 426 952 enimillornm
446 909 560 964 capaces
579 902 682 948 tantuna
703 893 756 944 sint
774 887 912 942 nobilium
931 883 1048 950 viduae,
1096 885 1163 937 taria
1184 885 1310 952 portione
1336 880 1526 950 apprehensa,
1554 884 1636 936 etiam
1661 886 1791 938 utensilia
1810 887 1926 955 retinet,

224 980 278 1033 lane
292 979 421 1034 omnibus
434 977 609 1048 promiscue,
623 980 683 1027 aire
696 973 803 1026 nobiles
816 973 883 1036 sint,
896 971 956 1022 aire
970 971 1047 1037 igno·
1098 967 1274 1021 Schneidew.
1288 967 1406 1018 deauco·
1420 963 1472 1016 int.
1489 965 1544 1019 vir.
1559 979 1584 1018 et
1598 985 1647 1022 aa.
1666 987 1698 1020 ιι.
1720 967 1765 1033 lb.
1784 967 1924 1040 Carpaur.

224 1065 313 1129 bilae,
331 1081 368 1118 ax
387 1061 474 1114 iando
497 1060 599 1112 feudali
619 1059 750 1120 dabatur,
771 1057 824 1110 nisi
843 1053 918 1124 qu0d
939 1052 1047 1105 ¹¹⁰b5¹⁸⁸
1097 1047 1298 1120 &jub-smm-
1311 1048 1369 1100 Μ’
1385 1063 1408 1116 7·
1421 1063 1480 1114 ΡΜ·
1495 1048 1521 1099 ⁵·
1535 1067 1564 1100 ¹²·
1580 1049 1609 1101 3·

227 1157 338 1222 praeter
351 1159 511 1201 communes
526 1159 569 1196 res
578 1142 719 1213 garantiae
732 1187 739 1210 ,
751 1157 833 1206 ores,
846 1152 973 1200 anseres,
984 1151 1049 1186 ana·
1136 1135 1280 1188 Caeterum
1295 1133 1399 1185 tametsi
1414 1132 1541 1200 geradarn
1556 1149 1611 1184 non
1620 1135 1655 1187 ita
1664 1136 1850 1191 successionis
1861 1139 1923 1208 jure

225 1240 266 1284 q„
278 1241 303 1284 ,ι
314 1245 440 1292 ,uu-„nh
451 1243 507 1295 quo
520 1223 875 1294 ,apparueruntffiaheant
883 1221 1047 1292 praecipua,
1099 1221 1252 1288 percipiat,
1267 1236 1349 1287 quam
1361 1220 1478 1287 proprio
1490 1220 1555 1286 jure
1568 1227 1673 1286 teneat,
1685 1220 1768 1287 adeo,
1783 1232 1811 1275 ut
1823 1223 1846 1274 ai
1856 1220 1923 1275 riro

230 1315 366 1386 camo,
379 1333 407 1384 p·
421 1327 449 1366 ,ο
463 1331 488 1366 ο,
504 1309 546 1375 ,p
560 1311 587 1365 p·
603 1310 649 1376 ²4·
1099 1305 1196 1356 marito
1208 1303 1336 1366 decedat,
1351 1319 1409 1354 eam
1427 1304 1587 1356 transmittat
1601 1304 1635 1356 ad
1647 1304 1804 1372 proximam
1823 1321 1926 1374 cogna-

166 1410 190 1461 ,3
263 1399 410 1454 Praeterea
423 1396 565 1468 provisum
585 1389 1047 1460 mulieribusupotentissimoaa·
1096 1383 1924 1456 tam,Cnrpa.arld.c·14.d.62.quodaecuaeatinsnor·

227 1499 294 1542 run.
308 1485 389 1536 dece.
404 1493 433 1537 ut
444 1479 729 1551 rationegeradaejus
742 1475 921 1548 praelationis
932 1471 1049 1524 habeant
1097 1471 1219 1540 genguba
1233 1481 1255 1522 et
1271 1470 1384 1522 cibariis
1398 1470 1572 1534 domesticis;
1592 1487 1648 1523 non
1666 1471 1760 1524 tamen
1780 1489 1838 1526 earu
1859 1475 1927 1526 reti·

227 1589 293 1642 pm
306 1568 434 1622 omuibus
455 1569 517 1619 aliis
537 1565 627 1618 mariti
647 1561 849 1622 oreditoribus;
870 1558 992 1628 exceptis
1010 1566 1049 1609 ta·
1098 1563 1156 1620 net,
1170 1555 1192 1606 ai
1207 1554 1375 1606 adulterium
1389 1555 1572 1620 commiserit,
1593 1573 1647 1608 non
1668 1557 1754 1626 magis
1774 1567 1857 1626 atque
1875 1557 1926 1610 ‹lo-

225 1671 287 1708 naen
302 1651 418 1719 oribus,
432 1667 499 1721 quaa
511 1649 621 1702 nonnisi
634 1658 777 1718 postquem
791 1644 920 1698 ominibus
932 1640 1050 1694 creditn-
1099 1649 1151 1691 tem
1172 1649 1197 1691 et
1217 1638 1325 1706 r'aliqua
1344 1640 1369 1690 ei
1390 1637 1573 1708 competentia
1598 1641 1661 1709 jura
1679 1641 1709 1694 in
1729 1639 1829 1704 leudo,
1849 1641 1926 1694 enni.

227 1738 304 1791 ribns
317 1735 484 1792 satisfactum
498 1733 598 1799 fuerit,
610 1741 704 1803 petere
716 1737 836 1801 queunt,
849 1726 910 1778 ord.
929 1741 1007 1795 proc.
1028 1736 1048 1777 t.
1098 1724 1171 1774 Heu.
1183 1722 1208 1774 d.
1222 1721 1311 1775 daal.
1324 1739 1347 1773 c.
1371 1737 1413 1772 ιο.
1433 1723 1472 1774 tlt·
1495 1740 1520 1793 7·
1541 1720 1676 1791 ΜΨ»
1696 1739 1766 1791 lllm
1785 1725 1872 1792 '⁰¹8⁰
1891 1724 1926 1778 ‘¹‘

230 1826 275 1890 ,3¹
286 1823 312 1896 5
326 1823 384 1876 um,
394 1822 468 1878 vd„
1099 1805 1199 1874 gerada
1209 1805 1281 1858 tradi
1294 1805 1398 1870 solent,
1412 1804 1544 1857 uberiora
1562 1816 1622 1858 suut
1630 1844 1639 1873 ,
1652 1821 1733 1875 quam
1746 1817 1774 1860 ut
1787 1804 1841 1860 hoc
1862 1807 1926 1860 loco

172 1913 190 1977 4
262 1907 345 1966 Unde
357 1907 499 1975 sequitur,
517 1903 627 1958 viduam
642 1901 676 1954 de
689 1900 787 1970 parada
806 1911 897 1964 neque
915 1894 944 1946 in
961 1887 1051 1943 subsi-
1100 1889 1193 1942 denuo
1209 1889 1307 1942 adduci
1322 1890 1428 1959 possint
1442 1899 1487 1942 aut
1501 1889 1635 1957 debeant,
1656 1907 1720 1944 eum
1739 1893 1810 1944 ratio
1830 1891 1925 1944 eadem

211 1975 305 2044 'dium
318 2007 362 2042 aes
375 1989 467 2042 mariti
486 1987 607 2040 alienum
626 1987 737 2038 solvere
750 1983 811 2051 cogi
826 1995 920 2050 posse,
933 1975 986 2027 nisi
1006 1975 1051 2028 rel
1102 1975 1134 2026 ad
1148 1975 1259 2026 viduam
1274 1988 1308 2024 ea
1321 1973 1401 2024 leudo
1415 1973 1541 2042 geradam
1558 1975 1773 2047 percipientem,
1785 1975 1927 2046 applicata·
1952 2045 1955 2052 ,

228 2073 453 2148 oppignerationi
466 2072 585 2144 ¹paradas
603 2069 791 2134 consenserit,
809 2065 856 2119 rel
874 2062 1004 2114 maritum
1023 2060 1051 2110 in
1101 2056 1146 2126 tt,
1157 2074 1217 2110 sese
1231 2074 1279 2109 sua
1291 2064 1389 2126 sponte
1399 2054 1509 2126 prodat.

891 2220 1142 2292 CAPUT
1187 2221 1265 2292 Vll.

773 2401 827 2468 De
841 2399 927 2490 jare
950 2393 1119 2464 mercedis
1142 2391 1385 2462 habitationis.

1100 2577 1199 2631 cedem
1207 2575 1387 2631 habitationis
1408 2573 1543 2630 exiendo
1562 2576 1758 2644 constituenti,
1778 2593 1927 2632 consense-

1068 2663 1070 2670 ‘
1101 2665 1155 2716 rint
1168 2663 1295 2714 «lominus
1307 2669 1332 2713 et
1342 2662 1446 2731 agnati,
1460 2659 1559 2730 Carpe.
1573 2675 1649 2730 saep·
1664 2661 1717 2716 all·
1736 2656 1800 2713 dec·
1821 2677 1846 2730 7.
1864 2678 1927 2730 pos.

1101 2747 1153 2800 all.
1168 2747 1189 2799 l·
1205 2745 1231 2798 6.
1247 2762 1319 2816 resp.
1331 2742 1377 2796 bo.

1135 2829 1252 2898 Quodsi
1266 2828 1497 2897 certapecnniaa
1517 2827 1615 2880 marito
1635 2826 1781 2880 constituta
1800 2843 1856 2880 non
1876 2827 1925 2894 sit,
1981 2817 1995 2870 3

1101 2921 1167 2964 tunc
1182 2929 1214 2964 ea
1228 2911 1261 2964 ab
1275 2910 1459 2980 haeredibus,
1472 2911 1518 2964 rel
1531 2913 1571 2980 (ai
1591 2909 1805 2981 consenserint)
1823 2913 1929 2980 agnatis

1103 2993 1262 3064 praestanda
1278 2996 1452 3062 renit,quae
1465 2991 1589 3064 dignitati
1608 3001 1633 3046 et
1654 2993 1806 3047 conditioni
1826 2993 1928 3047 viduae

1104 3079 1283 3149 respondeat,
1298 3087 1323 3132 et
1336 3096 1388 3148 pro
1400 3095 1452 3148 qua
1464 3077 1600 3146 ejusmodi
1614 3076 1864 3147 conducerepoasit
1878 3077 1927 3130 ha·

1102 3164 1279 3227 bitatianem,
1292 3165 1320 3215 in
1333 3180 1388 3232 qua
1401 3179 1464 3215 curn
1479 3160 1583 3212 familia
1605 3169 1630 3212 et
1649 3159 1745 3213 amieis
1757 3161 1857 3232 degere
1876 3160 1928 3212 ho·

472 2585 812 2644 ,summata

232 2767 338 2819 Merces
351 2761 533 2819 habitationis
546 2759 635 2832 qnid?
646 2775 676 2810 ιι.
692 2773 716 2810 a.

232 2851 282 2900 An
295 2865 363 2900 onos
376 2845 537 2917 sitfirrtinle
547 2844 562 2894 ,Ρ
574 2861 602 2893 ιι.
618 2855 646 2892 a.

228 2931 259 2986 dl
272 2942 348 2984 cartu
361 2926 479 2998 pecnnia
492 2944 547 2981 non
560 2928 598 2981 sit
605 2925 744 2995 promissa
755 2937 778 2972 a
788 2914 863 2972 dote.
877 2935 907 2971 a.
923 2913 949 2968 3.

228 3013 367 3068 Aenissin.
378 3032 408 3066 rt.
423 3013 450 3078 4.

230 3121 369 3233 Merces
382 3174 560 3232 habitationis
574 3181 613 3226 est
624 3181 698 3227 certa
709 3169 826 3242 pecnnia
846 3165 947 3219 viduae
964 3181 979 3216 a
996 3177 1053 3213 aaa·

231 3267 283 3315 rito
295 3265 448 3333 promissa,
463 3271 492 3312 ut
509 3257 597 3312 eidem
613 3274 647 3310 ex
661 3255 743 3310 fendo
757 3253 894 3306 annuatim
913 3250 1038 3304 solvatur
1043 3286 1053 3313 ,

230 3349 362 3417 quamdiu
375 3349 404 3400 in
417 3343 551 3401 viduitate
564 3343 648 3408 risit,
669 3342 703 3394 ad
722 3336 929 3397 conducendam
948 3333 1054 3394 habita·

229 3433 351 3495 tionem,
363 3429 462 3498 Carpa.
476 3430 497 3480 l.
510 3426 536 3478 6.
549 3443 621 3495 resp.
632 3423 677 3477 bc.

265 3514 352 3582 Atque
364 3513 397 3565 de
410 3511 462 3564 hae
470 3510 599 3564 mercede
613 3507 790 3562 habitationis
804 3503 976 3575 potissimum
989 3517 1054 3554 con-

229 3599 408 3660 trovertitur,
419 3612 454 3647 an
468 3596 544 3647 illam
560 3603 655 3662 petere
666 3591 752 3662 possit
765 3589 847 3642 vidua
860 3607 874 3640 a
886 3587 1053 3640 successori·

1101 3259 1177 3302 neate
1190 3259 1280 3317 queat.
1295 3246 1358 3298 Pari
1377 3246 1482 3298 ratione
1495 3263 1526 3298 ac
1539 3245 1561 3298 si
1575 3244 1719 3310 alimenta,
1731 3261 1851 3314 quorum
1863 3262 1927 3316 spe·

1102 3333 1211 3386 ciesest
1225 3331 1373 3396 habitatio,
1388 3331 1477 3400 legata
1489 3329 1606 3397 luerint,
1620 3329 1752 3384 Menoch.
1768 3330 1789 3384 l.
1802 3329 1827 3396 4.
1846 3347 1927 3402 prae·

1101 3427 1203 3481 sompt-
1220 3415 1281 3484 157.
1294 3431 1324 3467 ιι.
1339 3412 1385 3477 34.
1398 3429 1477 3484 seqq.

1138 3499 1246 3552 Desinit
1257 3515 1325 3553 aero
1339 3497 1435 3552 deberi
1446 3513 1552 3550 merces
1569 3495 1763 3568 habitationis,
1777 3499 1799 3554 si
1814 3501 1859 3556 rel
1878 3503 1927 3557 ite·

1102 3599 1161 3634 runa
1174 3581 1273 3648 nubat,
1287 3582 1352 3651 quia
1367 3581 1399 3634 ad
1417 3591 1525 3649 tempus
1547 3579 1685 3636 viduitatis
1703 3593 1807 3638 tantum
1827 3585 1925 3642 relicta

229 3680 282 3732 hus
300 3677 479 3732 feudalibus?
499 3677 582 3745 Quod
600 3686 732 3746 negatur,
746 3675 811 3744 quia
829 3687 919 3740 neque
935 3669 965 3722 id
983 3687 1052 3722 unus
1101 3676 1244 3726 censetura
1260 3667 1306 3720 ael
1319 3666 1470 3729 moriatur,
1489 3665 1553 3733 quia
1573 3681 1709 3735 personae
1728 3667 1873 3736 cohaeret,
1890 3682 1930 3726 ιι.

231 3764 295 3833 loge
314 3777 444 3832 expressa
463 3760 554 3812 iendis
574 3759 749 3828 impositum,
768 3771 858 3824 neque
877 3751 1052 3806 commodum
1101 3769 1154 3823 que
1166 3761 1231 3806 tanc
1245 3763 1270 3806 et
1283 3751 1366 3804 liberi
1380 3750 1525 3818 etreliqua
1540 3748 1645 3803 tamilla
1658 3753 1777 3807 ulterius
1791 3753 1843 3806 sibi
1854 3771 1928 3808 rner-

228 3845 341 3915 aliqnod
356 3861 388 3896 er
406 3860 439 3896 eo
452 3843 572 3897 sentiunt
586 3841 693 3910 agnati3
712 3855 830 3906 quorum
843 3837 1003 3888 alterutrum
1014 3843 1055 3888 ta·
1102 3837 1196 3890 eedem
1209 3836 1280 3889 banc
1289 3851 1405 3888 annnam
1418 3835 1491 3887 solei
1503 3843 1625 3903 petentes
1639 3837 1727 3916 audiri
1740 3853 1796 3890 non
1811 3837 1909 3894 debent
1917 3880 1926 3910 ,

232 3945 313 3998 man,
327 3939 356 3982 ut
370 3927 491 3980 debitum
505 3942 538 3980 aa
553 3925 636 3978 lenda
651 3925 706 3994 peti
721 3922 821 3994 possit,
831 3919 991 3988 requiritur.
1001 3919 1053 3971 Po·
1102 3923 1181 3990 quia,
1196 3921 1275 3975 etiam
1289 3935 1361 3988 qnae
1373 3933 1505 3986 expressa
1518 3916 1682 3987 quibusdam
1696 3921 1793 3976 relicts
1806 3932 1867 3977 sunt
1879 3927 1930 3978 ali·

229 4013 295 4066 terit
305 4023 396 4065 tamen
409 4009 490 4064 sidua
503 4008 636 4062 adres-sus
655 4006 800 4059 allodialea
818 4001 951 4053 haeredes
970 4015 1054 4068 expe·
1103 4015 1192 4058 meana
1204 4003 1300 4056 iisdem
1313 4002 1493 4068 auferuntur,
1508 4004 1530 4056 si
1545 4003 1677 4057 moriatur
1686 4003 1726 4069 is,
1739 4005 1767 4058 in
1778 4008 1929 4076 eujnagn.

228 4097 280 4148 riri
291 4137 297 4160 ,
308 4097 356 4164 qai
365 4094 466 4148 iactam
479 4091 599 4147 defuncti
608 4098 748 4161 praestare
759 4095 911 4156 coguntnsr
925 4100 980 4153 quo
988 4099 1053 4136 casu
1102 4087 1167 4138 tiam
1182 4087 1277 4140 relicta
1287 4095 1365 4150 sunt,
1387 4095 1412 4137 et
1431 4100 1494 4137 cum
1506 4099 1564 4154 qno
1576 4086 1773 4157 morabantur,
1790 4091 1811 4143 1.
1831 4089 1876 4156 bl.
1886 4090 1928 4162 ffi

232 4185 276 4250 jus
290 4179 469 4251 praelationis
482 4179 506 4230 ei
522 4178 630 4242 datum,
644 4183 759 4230 testante
771 4170 904 4225 Richtero
917 4169 1053 4238 deprinil.
1102 4167 1136 4222 aie
1148 4167 1228 4222 coeci.
1242 4171 1269 4220 et
1279 4166 1350 4220 dem.

232 4262 362 4320 eruditor.
372 4281 398 4318 c·
414 4263 439 4313 3.
452 4274 520 4316 sert.
537 4279 561 4317 a.
574 4281 603 4315 ιι.
619 4259 662 4332 74.
675 4257 735 4312 Nisi
749 4257 864 4320 marito,
882 4253 964 4309 uxori
983 4267 1055 4307 mer·

878 4413 1126 4484 CAPUT
1171 4411 1270 4485 vttt.

644 4595 701 4662 De
722 4591 946 4660 matrimonio
967 4599 1146 4658 contracto
1168 4586 1530 4682 ad.morgnnaticans.

471 4771 495 4822 S
514 4770 542 4822 U
557 4767 590 4820 tt!
607 4767 643 4820 tl!
656 4768 684 4817 A
702 4767 728 4819 tt
748 4767 766 4818 t
782 4768 812 4819 A
1100 4762 1200 4826 lutino,
1215 4757 1510 4829 quodmorgeugabam
1525 4755 1926 4830 suprarocarimua‚habeat;

1100 4843 1129 4894 in
1150 4859 1182 4894 eo
1202 4854 1291 4896 tumen
1310 4861 1366 4896 non
1384 4861 1482 4917 parum
1502 4843 1611 4912 differt,
1631 4847 1707 4917 qnod
1724 4865 1779 4901 uun
1802 4868 1836 4905 ex
1855 4851 1927 4905 nuda

235 4933 372 5002 Quomodo
384 4931 593 4986 matrimonium
606 4932 656 4985 hac
668 4930 874 4984 contrahatur?
886 4949 914 4982 ιι.
931 4947 956 4984 ι.
1100 4929 1193 4998 sponsi
1210 4927 1391 4997 liberalitate,
1409 4931 1458 4984 aed
1477 4932 1590 5001 praesia
1611 4932 1684 4986 inter
1702 4935 1782 4988 illum
1800 4947 1825 4990 et
1844 4955 1928 5010 spon·

232 5016 402 5088 Differentiae
416 5037 434 5070 a
447 5017 519 5070 dono
532 5015 696 5071 matutinali
702 5052 707 5064 .
722 5032 752 5065 ιι.
767 5013 824 5067 eod.
1103 5027 1159 5063 sam
1175 5011 1239 5063 inita
1249 5015 1450 5082 conventione,
1465 5016 1582 5070 oriatur.
1593 5015 1677 5070 Unde
1690 5033 1835 5090 perperam
1845 5041 1858 5074 a
1868 5025 1929 5092 qni·

229 5103 277 5154 An
286 5101 347 5171 jara
361 5100 628 5171 saxonicosoemina
643 5099 684 5150 ita
694 5098 856 5164 paciscens,
867 5091 968 5164 perdat
983 5095 1065 5150 dora·
1102 5095 1215 5148 busdam
1231 5116 1281 5167 pro
1296 5099 1392 5152 iisdem
1406 5110 1570 5170 reputantur
1584 5104 1769 5174 morgengaha
1782 5116 1808 5159 et
1820 5123 1929 5177 morga-

266 5186 360 5240 1,·„',„„
374 5187 389 5239 p
403 5203 432 5237 η,
448 5199 475 5236 2,
1102 5183 1209 5248 arntica,
1225 5183 1376 5236 verborum
1391 5185 1508 5253 quadam
1520 5186 1663 5238 harmonia
1676 5189 1780 5244 seducti
1790 5228 1798 5256 ,
1808 5208 1870 5242 eum
1884 5191 1929 5245 dt-

659 5279 662 5284 ·
1022 5303 1030 5322 .
1103 5283 1184 5320 versa
1200 5267 1296 5336 plane,
1311 5270 1391 5322 etiam
1403 5268 1495 5338 quoad
1507 5269 1642 5322 literalem
1656 5286 1766 5324 sensnm
1778 5273 1833 5324 sint
1846 5291 1929 5328 roca·

229 5307 904 5422 contrahiturmatrimoniumadmorgannticsm
917 5393 923 5413 ‚
935 5345 1049 5398 siuaori
1102 5349 1177 5406 hala.
1195 5353 1384 5422 Morgengaba
1405 5353 1477 5404 enim
1497 5351 1599 5406 donum
1618 5356 1782 5408 matutinum
1800 5355 1928 5425 denotata

230 5433 346 5504 ignobili
360 5445 434 5488 certa
448 5437 581 5504 pecuniae
595 5439 730 5506 quantitas
743 5437 837 5499 datur,
854 5445 880 5486 ut
896 5451 926 5484 ea
940 5443 1063 5496 conten·¹
1083 5491 1087 5500 ,
1104 5437 1331 5502 morganaticarn,
1349 5436 1424 5505 quod
1444 5435 1540 5488 mortis
1553 5453 1633 5490 cansa
1655 5439 1716 5506 qnis
1735 5439 1874 5506 lucratur,
1891 5441 1928 5494 si·

229 5527 271 5580 ta,
285 5519 355 5573 nilsil
369 5520 489 5591 amplius
509 5519 542 5572 de
560 5518 641 5573 bouis
654 5522 744 5572 mariti
759 5535 849 5588 neque
870 5519 927 5588 ipsa
949 5531 999 5570 nec
1019 5509 1069 5582 li!
1103 5517 1235 5584 gnilicare
1255 5521 1393 5588 conjicio,
1406 5521 1504 5575 dictam
1518 5523 1596 5590 quasi
1608 5521 1766 5594 cequel’on
1777 5524 1881 5597 preigne
1890 5547 1927 5582 en

232 5601 291 5652 bari
302 5605 462 5672 einspetere
470 5605 589 5674 possint,
605 5604 677 5659 cosrl.
694 5604 754 5674 :nsi
769 5621 812 5676 ²9·
827 5601 905 5670 Quae
919 5599 1052 5670 parumn,
1103 5601 1241 5660 cardeia
1253 5621 1337 5672 rasore,¹
1356 5615 1386 5658 ut
1406 5607 1440 5659 ita
1455 5606 1488 5659 ab
1500 5607 1629 5662 idiomate
1643 5609 1794 5680 gallorum,
1807 5625 1927 5680 qaorum

231 5699 393 5754 quamquam
406 5687 564 5742 allinitatena
574 5689 718 5756 quamdam
730 5705 791 5740 cum
806 5686 879 5738 dono
891 5685 984 5754 sponsi
996 5697 1052 5734 ma·
1104 5697 1208 5758 partem
1223 5690 1386 5763 longobardi
1400 5691 1582 5764 subegerunt,
1592 5696 1756 5757 accersenda
1764 5695 1922 5751 denomina-

393 5774 498 5847 Strskii
524 5775 585 5829 rot.
606 5776 664 5828 IV.
1607 5779 1642 5844 ta
