4476 6274
277 234 325 277 cor
741 207 791 261 uit
807 205 996 264 CONCURSU
1014 199 1374 263 nstsfflsmttnun.
1798 207 1852 271 yos

218 322 306 370 aare
323 312 441 385 ersetc.
460 307 649 366 eerscbriebsn
669 306 729 362 und
749 307 945 374 renproetten,
964 319 1035 358 ners—
1082 299 1220 356 concessis
1238 317 1287 370 per
1304 295 1433 371 ejrurnodi
1450 293 1611 370 particulas.
1630 297 1678 354 soie
1698 293 1767 354 bold
1795 299 1853 352 end
1868 317 1901 357 su

209 400 336 454 clireiden
355 397 414 453 arrd
429 397 610 470 versproclren
629 394 685 447 itm
699 391 757 446 aud
768 393 817 444 mk
829 389 1036 444 besciriebenen
1084 385 1198 440 welclter
1216 385 1295 449 Zeis,
1313 385 1531 452 circumscripta,
1550 390 1577 434 et
1594 389 1740 446 corratns,
1758 394 1806 450 pto
1823 397 1904 451 gene·

211 486 284 540 auct
302 479 397 552 Ktqfft
413 482 496 538 diem
513 477 617 548 Brirffs
634 479 678 531 ela
696 493 724 532 et
742 495 774 530 sa
793 476 867 529 recht
886 473 1034 530 burnendi·
1085 472 1138 524 reli
1165 479 1190 524 ct
1209 465 1351 522 indefinite
1368 466 1484 538 emplius
1503 461 1622 518 bsbcnds
1642 462 1695 518 siti
1725 479 1785 518 cum
1816 465 1904 536 potius

209 583 260 638 ger
282 565 367 621 Weiss
381 567 531 637 gerebelren
549 564 619 628 ken,
639 562 694 615 soll
709 561 778 616 oder
796 577 874 629 meg,
892 559 1035 632 despestalt
1085 554 1206 622 specialis
1224 552 1404 606 concessionis
1429 568 1473 604 seu
1505 547 1684 621 expectantise
1708 555 1828 612 nstnrsrn
1854 566 1904 620 per

213 651 272 706 und
286 651 358 714 also,
376 653 439 706 dass
457 651 513 702 ιἸιιιι
532 648 591 704 und
606 643 817 714 denensslbigen
834 643 878 698 dr‘e
896 653 949 696 erst
966 643 1034 697 erle·
1084 637 1178 692 omnis
1200 637 1320 690 induisse
1339 637 1465 692 rideatur.
1485 636 1557 705 Quae
1569 642 1596 686 st
1609 631 1711 686 similis
1730 648 1778 688 soo
1790 631 1903 687 interim

207 737 340 808 digreden
363 737 452 790 Gitter
483 733 692 806 (ersterledigte
718 729 885 799 telin-Gar)
905 727 1034 783 wicbald
1084 719 1143 775 loco
1163 721 1312 790 relinquere
1330 719 1410 773 volui.

211 823 268 876 end
283 819 521 877 wmlcber'Zeit
539 819 631 872 setene
649 816 805 887 (selcia)
829 832 941 868 remorer
958 815 1036 868 Cam.
1120 805 1154 858 Et
1173 805 1238 857 baec
1255 813 1319 858 sunt
1337 805 1354 856 Ι.
1375 806 1400 857 b.
1418 817 1484 872 quse
1501 799 1649 855 edisserere
1669 799 1717 854 lise
1737 800 1771 854 ds
1788 799 1902 856 materis
1971 845 1996 870 .-

210 922 269 957 rner
285 905 395 960 anleim
403 901 499 976 selden
520 903 647 966 werden,
664 897 860 968 nuwer'geriielr
873 896 1033 968 eingeroen·
1086 891 1167 944 volni.
1188 890 1261 959 Qnse
1278 889 1301 943 si
1321 905 1375 942 non
1393 887 1484 942 omnis
1503 905 1550 958 pro
1570 883 1697 940 materiae
1715 883 1794 953 bajas
1813 885 1902 956 digni·

211 999 265 1040 met
281 999 330 1042 etc.
348 990 455 1043 werden
472 988 567 1041 sollers.
600 988 673 1057 Quae
698 993 770 1038 certe
795 983 873 1036 rerba
901 982 1034 1052 principis
1085 986 1135 1030 tnte
1154 985 1180 1028 et
1199 971 1375 1038 difficultate,
1394 991 1443 1043 qns
1463 968 1800 1041 prernirntaridcbstur,
1818 969 1903 1022 elabo-

212 1091 319 1126 ornaem
338 1073 372 1126 de
387 1073 523 1129 soliditate
541 1071 626 1124 luctae
644 1067 823 1123 concessionis
841 1065 1035 1120 dubitationem
1084 1069 1140 1113 rste
1155 1099 1163 1124 ,
1180 1071 1205 1114 et
1223 1061 1305 1113 soluts
1325 1059 1396 1121 sint,
1416 1058 1536 1126 ignosces
1554 1070 1631 1124 spero
1649 1052 1729 1116 mihi,
1747 1061 1774 1104 st
1794 1069 1825 1106 ec
1843 1050 1904 1122 qni-

213 1157 371 1220 tollunt,et
385 1173 439 1209 non
458 1155 594 1208 immerito
612 1153 738 1206 salsitatis
750 1162 776 1204 et
795 1150 1036 1221 ritiiobreptionis
1085 1145 1145 1198 dem
1164 1143 1311 1210 libentius,
1329 1141 1397 1212 quod
1418 1139 1553 1193 neminem
1572 1136 1616 1188 dd.
1637 1135 1685 1188 bac
1703 1135 1733 1187 in
1751 1151 1782 1188 re
1798 1150 1905 1208 pracce-

214 1248 329 1305 srpnnnt
341 1239 503 1309 posteriores
522 1238 703 1290 concessiones
715 1235 1036 1308 qnsslibet‚quocnmqne
1083 1229 1193 1282 denenm
1212 1229 1251 1282 vel
1273 1227 1302 1280 in
1321 1225 1444 1279 terminis
1458 1224 1559 1276 mecum
1572 1221 1729 1274 sentientem
1740 1219 1899 1274 invenerim.

213 1321 263 1376 snb
283 1323 362 1376 tinto
380 1324 420 1377 rel
439 1331 593 1394 praetexto,
611 1321 798 1389 emendicetur,
817 1337 911 1390 essqiie
929 1325 1037 1391 pertun
1084 1315 1121 1366 lit
1140 1313 1251 1383 proinde
1268 1312 1358 1364 omnis
1376 1309 1575 1380 aequibonique
1585 1305 1772 1371 consulantur,
1785 1301 1903 1374 estqnsd

218 1407 388 1473 mathiten,
408 1416 436 1460 ut
456 1404 614 1477 nequidem
632 1407 784 1460 admittatur
800 1405 960 1477 prolistinin
975 1425 1036 1460 con-
1084 1399 1185 1452 obnixe
1206 1414 1268 1468 rogo
1289 1405 1371 1466 atque
1389 1391 1526 1449 eontertdo·

221 1491 350 1554 tracium,
369 1511 392 1546 r·
410 1490 480 1543 Gaii.
500 1491 520 1542 1.
540 1501 565 1544 t.
582 1490 641 1546 ode.
660 1502 702 1544 tt.
720 1508 749 1542 n.
771 1500 796 1544 t.
815 1490 867 1544 Ubi
883 1491 934 1546 boe
949 1502 1035 1546 tsnrsn

216 1573 378 1628 monendum
398 1573 501 1641 renim,
520 1591 574 1632 noo
593 1573 730 1628 immerito
759 1573 892 1642 dubitari,
917 1592 952 1629 en
975 1576 1036 1633 tslis
1409 1561 1585 1618 tritt&

634 1827 969 1904 mst‘umto
994 1823 1206 1903 BEGlMA
1234 1821 1476 1901 SEPTIMA

558 2037 692 2150 uu
762 2031 1573 2154 oueututettu..

733 2278 775 2322 so
798 2279 829 2322 n.
852 2255 885 2344 d.
909 2277 1062 2324 necessa.
1086 2273 1169 2319 enno
1194 2275 1383 2318 nncnxxxn.

891 2451 970 2494 ΗΟ
1002 2449 1238 2494 ΗΗΝΗΑ

699 2625 1155 2696 tustanum
1201 2623 1428 2695 STEllt.

912 2755 1206 2813 cnunsnrcsnsrs.

787 2993 1348 3042 -·--³0ooe=···-···

976 3187 1010 3256 Ι.
1036 3189 1080 3258 Ν.
1104 3189 1143 3256 J.

223 3413 390 3558 Optima
414 3465 541 3570 cuique
565 3463 658 3532 testis
681 3483 729 3533 est
751 3463 967 3546 conscientia,
992 3461 1060 3530 salli
1087 3485 1233 3556 unquam
1256 3481 1315 3532 aut
1338 3461 1451 3532 l'allere
1475 3461 1592 3532 nescia.
1616 3458 1792 3556 Optimum
1816 3485 1902 3556 quo-

222 3563 288 3649 que
312 3557 365 3622 hic
388 3555 592 3644 praesidium
618 3555 745 3622 homini
771 3567 836 3634 est,
860 3577 1020 3646 quorsum
1046 3577 1182 3622 securus
1204 3572 1315 3623 contra
1339 3579 1437 3622 omne
1460 3553 1705 3622 calumniarum
1721 3578 1827 3646 genus
1844 3575 1903 3658 pa·

222 3664 271 3713 tet
291 3669 460 3712 recursus.
481 3644 636 3712 Sentiant
657 3645 714 3712 alii
740 3643 824 3736 quid
851 3645 976 3726 velint,
1000 3645 1134 3712 sinistre
1157 3644 1306 3736 judicent
1330 3659 1362 3713 et
1384 3663 1540 3738 spargant
1555 3667 1703 3714 rumores
1718 3657 1832 3714 contra
1850 3669 1904 3710 ru·

222 3748 391 3812 nocentes,
415 3759 591 3826 uunquam
616 3748 726 3802 tannen
750 3732 915 3814 efficient,
940 3758 982 3800 ne
1005 3761 1047 3802 ex
1071 3737 1212 3802 innocua
1230 3737 1366 3825 penitus
1380 3737 1583 3803 conscientie
1596 3735 1739 3802 solamen
1758 3735 1828 3826 peti
1848 3757 1903 3800 ra-

222 3827 298 3892 leat.
321 3823 422 3892 Ridet
448 3849 542 3892 mens
565 3825 645 3892 recti
669 3824 815 3903 conscia,
841 3825 908 3890 imo
931 3825 1079 3916 explodit
1105 3825 1211 3891 samse
1235 3825 1423 3912 mendacia3
1446 3849 1558 3892 secum
1583 3825 1729 3908 habitat,
1745 3839 1778 3892 et
1794 3824 1903 3890 animi

222 3915 484 4006 suppellectilem
505 3916 651 3996 excutit,
675 3937 761 4070 qnae
783 3915 810 3980 si
835 3913 942 3994 salva,
966 3939 1092 3982 morsus
1108 3915 1298 3982 invidorum
1318 3916 1368 3982 rel
1386 3917 1525 3983 incendo
1540 3917 1639 3982 etiam
1657 3915 1904 4022 promptissime

221 4005 328 4072 elidit.
355 4004 539 4096 Eupropter
566 4003 655 4096 frugi
693 4005 851 4086 nomines,
877 4007 928 4070 uti
953 4005 1016 4094 ipsi
1042 4005 1084 4072 de
1106 4003 1182 4070 aliis
1205 4029 1273 4071 non
1295 4007 1393 4074 facile
1415 4011 1638 4100 suspicantur,
1656 4020 1700 4072 ita
1719 4029 1836 4097 parurn
1854 4022 1905 4068 at·

222 4096 383 4176 tendunt,
407 4093 490 4187 qnid
516 4095 723 4183 suspicentur
746 4093 822 4181 elii3
848 4095 998 4162 veritatis
1021 4095 1111 4162 enim
1137 4095 1339 4185 praesidium
1365 4097 1483 4165 lortius
1507 4098 1603 4190 longe
1619 4113 1753 4163 censent
1769 4093 1905 4161 malele-

224 4187 384 4251 riatorum
408 4184 655 4276 suggillatione.
682 4183 892 4252 Econtrario
913 4187 1216 4290 quemadmodum,
1233 4187 1292 4278 qui
1310 4187 1480 4255 ulceribus
1501 4191 1669 4270 laborant,
1692 4185 1903 4252 timidissime

223 4288 345 4344 tactum
370 4295 503 4341 omnem
528 4273 746 4340 rator-midam
767 4299 804 4342 ac
826 4275 1013 4366 refugiunt:
1037 4279 1083 4344 sic
1111 4277 1195 4343 mate
1221 4279 1338 4344 conscii
1364 4279 1517 4362 homines
1542 4277 1671 4370 ubique
1687 4285 1837 4370 prompta
1855 4273 1903 4340 la-

226 4365 344 4433 borant
368 4365 566 4457 suspicione.
591 4365 678 4432 Utut
703 4387 779 4431 aero
803 4363 882 4430 hoec
910 4367 952 4431 ita
977 4369 1060 4449 siat,
1084 4382 1229 4435 attamen
1254 4369 1416 4438 monitore
1440 4369 1575 4438 Plenior

564 4453 690 4523 Omnes
714 4453 820 4524 bonos
842 4453 1014 4549 ὂοιιαιᾳιιε
1036 4483 1199 4526 occurere
1220 4457 1379 4544 addecet,

568 4543 802 4635 Suspicionem
826 4565 858 4614 et
881 4547 1015 4638 culpem
1040 4565 1077 4614 nt
1101 4549 1162 4616 abs
1186 4573 1222 4616 se
1245 4573 1343 4637 segre
1369 4565 1438 4618 ent.

228 4633 367 4725 Saepius
390 4633 481 4702 euim
507 4633 651 4725 maligna
677 4639 839 4702 insontem
865 4639 963 4702 ctiam
988 4637 1149 4728 depressit
1170 4641 1321 4730 suspicio.
1345 4573 1504 4728 lingnam
1520 4635 1659 4742 quidem
1672 4654 1705 4702 et
1719 4634 1901 4728 gloriosum

228 4737 260 4790 et
286 4747 391 4815 usque
413 4723 454 4788 ad
478 4723 604 4790 coelunt
628 4725 779 4790 omnium
800 4749 858 4794 ore
884 4726 1140 4816 proferendum,
1165 4753 1340 4818 nunqnam
1365 4732 1459 4796 malis
1481 4727 1611 4796 acubus
1633 4727 1740 4794 locum
1756 4726 1899 4792 dedisse:

227 4813 283 4879 sed
307 4814 413 4878 multo
436 4813 553 4879 lortius
577 4831 640 4885 cst.
664 4838 841 4908 nnrrqnam
867 4815 958 4883 salsis
982 4819 1231 4908 suspicionibus
1255 4819 1428 4886 laborasse.
1453 4817 1547 4908 Quid
1570 4819 1663 4886 enim
1680 4817 1744 4884 tibi
1770 4817 1904 4907 prodest

228 4903 405 4984 sobrietas,
428 4904 454 4970 ai
481 4905 569 4970 inter
592 4901 769 4970 effluentes
791 4906 870 4972 vino
891 4904 1007 4974 calices
1031 4909 1221 4976 saltantium
1245 4932 1339 5000 gyros
1363 4906 1528 4978 imiteris?
1549 4909 1628 4998 quis
1649 4921 1681 4974 te
1695 4921 1820 4977 castum
1840 4932 1904 4999 pn·

230 4997 334 5074 tobit,
356 4994 383 5058 si
408 5007 440 5059 te
463 4991 582 5058 viderit
607 4995 817 5062 accretricnm
844 4995 968 5062 sabulis
996 4999 1157 5077 mixtum,
1184 5011 1242 5066 ant
1271 4999 1459 5089 loquentem
1490 5000 1617 5090 turpia,
1644 5016 1703 5066 aut
1730 4995 1903 5069 inhonesta

230 5095 453 5170 resonantem
477 5081 574 5148 laudo
597 5085 732 5174 quidem
756 5087 989 5154 conscientiam
1012 5088 1170 5154 castitatis
1193 5090 1229 5154 in
1255 5100 1302 5166 te,
1326 5088 1380 5154 sed
1403 5089 1459 5157 odi
1484 5089 1689 5180 colloquium
1708 5088 1901 5156 meretricis.

229 5171 270 5240 ln
294 5195 362 5264 qno
386 5171 454 5240 loco
478 5174 611 5239 sortasse
634 5175 723 5240 dicat
746 5175 884 5266 aliquis,
908 5173 1027 5243 sufficit
1051 5178 1133 5243 milri
1159 5201 1239 5268 pura
1262 5181 1469 5246 conscientia.
1492 5179 1666 5269 Quantum
1683 5177 1725 5246 sd
1742 5180 1903 5250 iunocen-

230 5265 309 5330 tiam
335 5265 494 5352 pertinet,
518 5263 581 5328 tibi
606 5265 665 5329 soli
690 5265 823 5332 sufficit:
846 5265 902 5332 sed
928 5265 1169 5356 providendum
1193 5279 1260 5346 est,
1285 5293 1327 5333 ne
1352 5267 1511 5336 facilitate
1535 5281 1590 5336 tua
1615 5269 1698 5336 alter
1722 5287 1846 5358 peccet,
1870 5281 1905 5336 et

231 5353 376 5420 alienum
401 5365 573 5443 peccmum
598 5355 634 5420 in
660 5369 691 5420 te
716 5356 895 5436 redundet,
920 5362 1010 5444 justa
1036 5357 1118 5423 illud
1143 5355 1233 5450 quod
1256 5355 1338 5423 dicit
1361 5358 1546 5448 Scripturas
1565 5383 1623 5426 rae
1642 5358 1709 5440 illi,
1728 5381 1904 5447 perquem

232 5443 420 5509 scandalum
437 5441 545 5526 venit,
561 5461 638 5510 sunt
654 5443 750 5512 verba
768 5445 937 5512 Valeriani
953 5469 1098 5514 sermon.
1127 5473 1157 5515 1.
1174 5445 1216 5514 de
1231 5447 1306 5514 ton.
1323 5445 1499 5541 disciplin.
1517 5449 1607 5518 Cum
1625 5471 1701 5515 sero
1715 5469 1780 5512 non
1797 5449 1906 5514 omnis

233 5533 424 5624 negligenda
450 5533 607 5622 suspicio,
630 5537 687 5602 aed
711 5538 886 5602 necessitas
910 5537 978 5626 ipsa
1003 5536 1162 5630 efflagitet
1187 5539 1335 5630 saepius,
1365 5561 1432 5605 non
1455 5565 1611 5631 spernere
1634 5537 1828 5630 suspicionis
1850 5561 1906 5601 ar-

235 5639 404 5709 gemente,
427 5633 599 5713 eapropter
623 5629 696 5716 jura
721 5649 855 5720 quoque
878 5641 986 5693 nostra
1011 5649 1070 5696 nec
1094 5628 1269 5698 admittere
1292 5629 1423 5723 ubique
1448 5629 1692 5723 suspicionem,
1715 5649 1775 5694 uec
1799 5626 1907 5718 aegii·
