4476 6274
252 257 304 328 7o!
820 251 869 306 DE
888 251 1111 311 sthPtctonts
1129 249 1270 306 tributu.
1785 249 1836 322 506

196 357 242 410 cio
256 371 366 425 semper
378 357 405 409 in
421 353 541 410 deterius
553 353 654 418 tendit,
674 352 886 418 mengedencket
897 355 933 408 du
946 357 1019 408 ulie·

124 457 152 492 ιι
201 443 256 496 seit
269 454 352 498 etwas
366 443 455 512 Argea
469 460 523 497 vnn
540 441 629 493 ciuem
648 438 764 490 andern.
784 437 838 490 Sed
856 449 881 492 et
902 440 1021 508 vocabu·

197 525 254 576 lum
269 525 406 594 Argeolm
421 525 525 594 pariter
538 522 672 576 interdum
687 522 795 592 capitur
809 524 1020 586 norverduclst,

198 607 343 676 quatiere
356 606 475 661 famosus
490 617 528 660 est
541 615 630 660 textus
645 605 672 656 iu
687 604 828 658 constitut.
847 606 955 658 crimm.
975 623 1021 660 ar·

196 691 243 746 tie.
259 692 304 743 35.
317 692 367 744 ibi.
377 695 415 744 So
428 709 492 745 ιιιιιιι
507 691 569 743 eine
582 689 686 755 Dirae,
700 704 732 741 so
744 691 865 742 voreiue
878 689 1020 760 Jungfiuu

193 776 289 844 gelet,
301 776 331 829 iu
343 777 481 844 Armenian
496 775 545 828 lact
558 785 611 828 etc.
623 775 661 829 Ut
675 775 744 824 adeo
758 789 813 824 nou
825 785 952 827 coasstaus
962 776 1022 828 ubi-

197 877 252 928 que
269 859 471 914 vocabulorum
485 877 566 924 nsua,
587 858 635 911 sed
654 859 841 928 interpunctio
855 875 951 911 eorum
971 875 1021 927 pro

127 969 161 1003 12
199 943 756 1015 rationesubstrataemateriaecapienda.
770 943 874 996 Graeca
887 945 1021 1013 jurispru-

197 1023 287 1078 dentia
308 1027 433 1087 ὑπονοίας
454 1044 524 1080 soce
548 1029 733 1098 suspicionem
755 1032 893 1097 exprimit.
917 1032 1020 1100 sinope.

199 1114 320 1168 Basilia,
334 1113 399 1164 tttr.
413 1112 472 1183 qs.
492 1112 550 1166 113.
564 1129 586 1166 e.
598 1113 621 1164 5.
633 1113 696 1165 licet
712 1113 757 1164 alii
773 1115 885 1187 inopina
905 1125 1021 1179 ιοιιιιις

200 1196 271 1248 iliud
283 1211 409 1260 sensum,
424 1196 477 1249 boc
493 1214 590 1249 rocem
604 1197 772 1266 suspicionis
785 1201 869 1268 magis
883 1199 1012 1254 declaret.

130 1296 163 1348 ,3
237 1279 499 1350 Progredimnrjam
512 1280 545 1332 ad
561 1281 663 1333 realem
676 1282 842 1350 suspicionis
855 1281 1022 1354 descriptio·

199 1381 279 1431 nean,
297 1381 378 1433 quam
395 1365 479 1417 seriis
495 1364 582 1417 modis
596 1365 735 1420 delineant
755 1367 866 1425 eruditi,
884 1367 939 1421 itti
959 1387 1021 1422 cum

199 1446 335 1501 Cicerone
352 1449 538 1517 suspicionem
557 1449 715 1507 describunt
734 1451 920 1521 acceptionem
941 1457 1020 1506 unius

130 1551 162 1612 ,4
201 1536 285 1602 partis
297 1549 358 1584 cum
373 1531 521 1585 ios-midine
538 1533 660 1588 alterins.
681 1536 736 1586 Alii
756 1545 862 1603 actum,
877 1553 1020 1607 perquem

201 1619 229 1668 in
242 1616 439 1669 dubitationem
453 1617 603 1682 trahimur,
618 1619 745 1671 timentes
753 1621 786 1672 de
797 1623 904 1691 aliquo,
920 1639 953 1674 ne
967 1625 1020 1677 lue-

201 1701 306 1752 sionem
316 1699 411 1754 afferat
425 1702 551 1770 priratim
564 1711 608 1754 aul
622 1700 750 1770 publice,
763 1707 800 1756 nti
816 1715 873 1776 post
884 1706 1020 1757 alioaCal·

119 1803 163 1876 „5
205 1787 262 1836 rin.
276 1784 399 1854 len-jur.
411 1803 471 1842 voe.
484 1788 611 1854 suspicio.
621 1784 725 1839 Baldua
738 1789 768 1842 iu
781 1788 803 1842 l.
816 1791 974 1860 ecquidem.
988 1809 1019 1843 ιι.

203 1869 228 1922 3.
242 1885 268 1923 c,
281 1869 314 1922 de
328 1883 447 1924 accurat.
461 1871 542 1937 dicit,
557 1871 630 1941 quod
644 1874 765 1942 suspicio
779 1876 811 1926 sit
825 1876 953 1943 aliqualis
965 1878 1020 1928 ani·

201 1953 238 2004 mi
253 1952 403 2022 applicatio
416 1953 449 2006 ad
469 1955 574 2024 aliquid
594 1973 656 2009 cum
675 1955 830 2010 vehementi
850 1959 1019 2015 titubatione.

203 2035 408 2089 saturninae.
421 2055 463 2104 pr·
471 2039 585 2110 crim-p.
596 2039 640 2093 36.
653 2059 682 2095 ιι.
700 2057 758 2111 epa.
773 2041 820 2094 ubi
832 2062 861 2096 u.
880 2047 937 2116 ¹54·
951 2044 1020 2097 banc

202 2137 313 2190 quoquc
325 2120 537 2190 descriptionem
557 2123 684 2186 adducit,
704 2126 776 2193 qnod
795 2132 917 2197 suspicio
936 2133 1019 2184 animi

131 2213 164 2266 ai,
201 2210 235 2259 ait
247 2206 337 2276 passio
349 2205 454 2274 aliquid
466 2205 582 2260 tirmiter
594 2224 649 2260 non
670 2209 805 2278 eligentis.
818 2212 872 2265 Alii
887 2217 1020 2285 suspicio·

200 2305 263 2342 nem
282 2287 376 2341 dicunt
395 2289 554 2358 opinionem
569 2293 632 2344 mali
655 2309 689 2345 ex
709 2293 817 2348 leuibus
836 2299 935 2366 siguis,
956 2318 1017 2354 cum

130 2399 162 2450 ,ς
200 2371 304 2424 'lboma
317 2373 346 2426 in
360 2373 472 2426 secund.
482 2388 509 2426 a.
518 2391 565 2448 qu.
578 2373 622 2429 6ο.
636 2385 688 2431 urt.
701 2389 729 2442 4.
743 2377 799 2434 Νοι
812 2383 908 2449 paucis
922 2383 1019 2439 additia

201 2457 349 2510 retinemus
371 2455 583 2527 descriptionem
602 2459 650 2513 dn.
671 2461 697 2516 d.
719 2462 867 2518 Becmanni
887 2469 917 2521 iu
936 2469 1018 2522 doctr.

200 2545 301 2599 moral.
314 2558 341 2596 o.
356 2541 380 2606 i.
395 2540 422 2614 5.
434 2555 481 2596 ιο.
495 2543 569 2612 quod
583 2545 705 2617 suspicio
719 2551 752 2601 sit
769 2549 909 2602 vacillatio
922 2552 1019 2620 judicii

129 2635 162 2682 sii
200 2625 230 2680 in
243 2629 400 2696 sequiorem
415 2639 520 2698 partem
535 2645 567 2684 ex
584 2629 639 2683 leri
660 2650 740 2685 causa
760 2636 886 2688 oriunda.
900 2637 1020 2691 vacilla-

198 2714 239 2766 tio
250 2714 347 2782 judicii
363 2730 424 2766 eam
437 2712 473 2765 ob
486 2731 594 2768 causum
613 2715 731 2782 dicitur,
752 2729 866 2790 propter
884 2719 1017 2775 deiectum

199 2798 367 2851 certitudinis
380 2799 420 2852 rei
432 2799 459 2850 in
471 2801 657 2868 suspicionem
666 2801 811 2864 deductae:
826 2821 936 2874 semper
946 2811 1017 2860 cuim

200 2883 323 2952 auspicio
336 2885 507 2952 conjunctam
521 2883 599 2936 babet
615 2883 790 2939 formidinem
799 2891 918 2960 oppositi
929 2893 1019 2960 :qnod

199 2984 285 3038 penus
298 2969 377 3022 etiam
391 2969 604 3038 praesumptioni
625 2972 771 3038 convenit,
792 2991 863 3042 qnae
879 2991 1018 3046 nunqnam

198 3063 237 3106 eat
249 3063 434 3124 superacuto,
447 3053 493 3107 sed
514 3069 624 3124 semper
636 3071 722 3124 super
742 3058 865 3126 incerto,
882 3063 968 3131 gloss.
988 3063 1017 3117 in

200 3139 221 3191 i.
235 3155 280 3192 nu.
295 3135 321 3209 5.
334 3132 458 3192 accedut.
471 3139 542 3192 ocri.
555 3145 759 3201 praesumetur.
778 3156 803 3194 c.
823 3157 868 3194 res
888 3142 962 3197 iuter
978 3145 1018 3197 ui.

143 3255 149 3278 .
199 3235 255 3275 unt·
267 3220 421 3273 Farinam!
448 3235 470 3272 ι.
484 3221 586 3275 eonsil-
598 3239 641 3292 9¹·
657 3239 686 3274 ιι.
698 3222 810 3294 'pilum
824 3224 851 3274 in
863 3226 1019 3294 sequiorem

197 3313 301 3374 partem
315 3303 437 3372 additur,
448 3303 501 3355 boc
517 3303 637 3357 indolem
650 3307 814 3375 suspicionis
823 3307 1019 3360 commodede·

197 3389 299 3456 signat,
318 3387 422 3458 quippe
444 3387 515 3448 bona
542 3403 597 3439 non
616 3392 803 3459 suspicamur,
822 3391 870 3444 sed
888 3394 968 3443 mala.
987 3392 1020 3446 Et

198 3472 322 3540 quamvis
337 3471 547 3541 chrysostomus
559 3473 599 3526 ud
610 3475 710 3528 naara.
726 3474 825 3527 bonnm
844 3493 955 3544 quoque
974 3492 1018 3526 su-

199 3555 318 3626 spicioni
331 3555 471 3621 subiiciat,
483 3557 593 3624 quando
604 3556 685 3612 dicits
697 3559 1016 3632 ricuidiffieiienliquem

199 3639 468 3707 suspicaturmalam
480 3680 487 3701 ,
498 3641 548 3711 qui
555 3637 644 3693 bouus
655 3651 711 3696 est:
725 3644 1017 3716 sicalifficileniiqnem

199 3725 358 3791 suspicatur
368 3726 485 3788 donum,
498 3724 546 3796 qui
559 3727 650 3779 mulus
661 3741 718 3793 est,-
730 3727 843 3780 abusive
861 3738 948 3782 tamen
965 3729 1015 3784 bac

143 3851 162 3871 „
201 3811 308 3861 ratione
320 3809 409 3877 ipsum
423 3808 517 3876 ioqui,
535 3808 563 3860 in
579 3821 721 3880 comperto
740 3821 788 3864 est·
807 3810 1015 3880 subjiciendum

203 3909 271 3946 sero
285 3892 396 3958 censui,
410 3891 484 3961 quod
500 3907 533 3944 ex
549 3893 603 3946 levi
616 3911 695 3946 causa
708 3895 756 3946 iila
768 3893 864 3962 judieii
880 3897 1017 3951 vacillatio

115 4017 122 4032 .
201 3976 234 4027 sit
246 3975 378 4036 oriunda,
394 3990 450 4042 qno
465 3989 497 4024 eo
509 3974 591 4042 ipsos
604 3979 830 4048 praesumptione
839 3977 1018 4050 distinguere·

200 4069 261 4122 ture
275 4059 340 4111 licet
353 4059 424 4109 enim
440 4059 527 4126 prima
540 4059 624 4112 rerba
640 4059 672 4112 ad
685 4061 737 4114 laoc
751 4061 879 4118 sollicere
891 4064 1018 4118 rideban-

199 4153 259 4206 tur,
272 4141 381 4211 quando
400 4142 540 4209 sequioris
552 4143 637 4210 partis
651 4148 752 4199 mentio
770 4149 813 4216 bt,
833 4152 1017 4220 praesumptio

203 4243 269 4282 rero
282 4227 447 4294 regulariter
460 4227 506 4280 ilat
519 4228 546 4278 in
563 4238 666 4297 partem
688 4233 840 4287 meliorem.
855 4236 937 4290 Unde
948 4254 1018 4290 sem-

200 4315 251 4378 per
262 4310 449 4377 praesumptio
461 4307 532 4361 bona
546 4321 571 4364 et
583 4311 695 4366 bonesti
714 4317 843 4370 sumenda
858 4330 910 4387 est,
924 4329 952 4373 nt
971 4339 1017 4376 ex-

200 4391 327 4444 cludatur
338 4391 486 4456 delictum,
500 4393 520 4446 1.
535 4397 645 4450 Merito.
663 4399 735 4466 5.ff
742 4417 793 4469 pro
809 4419 864 4458 soc.
883 4407 904 4458 i.
923 4407 948 4460 si
966 4403 1014 4462 de·

191 4475 317 4544 flendus.
334 4492 375 4527 ro.
398 4493 424 4528 c.
443 4479 540 4531 arbitr·
560 4491 613 4534 tut.
631 4479 737 4539 Goedd.
754 4490 846 4542 consil
875 4491 1013 4562 Murmure.

199 4561 257 4612 caol.
275 4575 298 4611 ι.
311 4575 389 4614 cens.
403 4557 447 4610 ιδ.
462 4581 491 4614 ιι.
506 4560 566 4613 206.
578 4561 750 4635 Quandoque
763 4579 851 4624 tamen
864 4583 887 4626 et
900 4575 979 4628 dolus
989 4587 1014 4630 et

200 4642 331 4695 delicium
350 4646 551 4711 praesumitur,
564 4648 586 4696 si
600 4645 699 4700 iactum
712 4655 858 4718 processiset
871 4657 1015 4726 illicitum,

198 4727 243 4777 dei.
257 4727 287 4778 s'u
301 4727 322 4779 i.
334 4728 361 4778 si
372 4745 426 4779 non
440 4730 540 4782 cauata.
553 4731 580 4780 5.
591 4748 615 4784 c.
626 4732 661 4784 eie
673 4733 758 4802 injur.
773 4737 856 4790 Unde
868 4751 892 4794 et
905 4742 932 4790 ie
945 4741 1013 4794 deli·

202 4813 252 4862 etis
265 4811 381 4863 occultis
395 4815 562 4881 praecipue,
573 4816 681 4882 saepius
695 4818 864 4872 militandum
879 4834 916 4877 eat
935 4843 1013 4894 prae·

199 4891 418 4963 sumptionibus,
431 4912 457 4948 c·
467 4895 574 4964 ψη.
582 4913 608 4950 a.
617 4899 653 4950 Χ.
661 4895 870 4975 deprueeumpt.
878 4909 1011 4961 Mascard.

199 4979 349 5044 deprobat.
363 4979 449 5031 conci.
463 4979 525 5050 495·
541 4999 570 5033 ιι.
584 4982 609 5045 i.
624 4983 752 5041 Menocb.
767 4989 800 5041 de
808 5007 900 5058 prees.
914 4993 962 5046 itt.
986 5013 1010 5050 ι.

147 5107 152 5118 ,
201 5080 227 5135 p,
242 5063 286 5128 4⁰·
302 5081 332 5116 a.
351 5062 392 5113 ι3.
407 5061 501 5130 Quare
512 5081 547 5118 ne
560 5083 622 5119 cum
637 5075 1013 5148 praesumptioneinseqnio·

200 5164 259 5200 rem
272 5157 376 5218 partem
388 5145 608 5203 confunderetur
620 5155 759 5224 suspicio,
770 5173 804 5210 ex
824 5159 931 5214 levibus
949 5181 1011 5217 can-

198 5231 234 5282 sis
247 5230 316 5283 bsnc
331 5231 400 5282 oriri
415 5231 549 5298 diximus,
562 5240 747 5308 praesumptio
761 5257 831 5292 vero
842 5247 1012 5306 coniecturas

200 5315 333 5383 legitimas
344 5315 440 5384 erigit.
453 5313 486 5368 Et
500 5329 646 5387 eapropter
658 5325 779 5391 susspicio
788 5321 957 5382 dicitnrlere
971 5331 1012 5382 in·

198 5399 299 5452 dicium
311 5439 318 5465 ,
332 5411 357 5455 et
371 5402 461 5454 oritur
474 5421 507 5456 ex
523 5405 579 5456 levi
594 5419 767 5476 argomento,
780 5410 904 5465 Furinae.
925 5435 949 5486 p.
967 5413 1008 5470 36.

199 5501 229 5536 ιι.
253 5485 311 5552 ¹7⁵·
330 5483 418 5550 uude,
433 5487 543 5553 quando
556 5489 658 5542 indicia
677 5509 732 5544 non
752 5505 815 5547 sunt
833 5497 945 5549 multum
964 5515 1010 5550 nr-

200 5567 304 5632 gentis,
328 5581 402 5622 recte
424 5581 537 5642 possunt
555 5573 612 5628 dici
628 5578 817 5650 suspiciones,
830 5579 903 5636 Clar.
920 5590 1006 5653 prust.

198 5651 280 5704 erim.
294 5649 318 5724 5
321 5653 381 5724 fin.
392 5673 420 5725 q.
431 5669 474 5708 an.

1104 352 1165 405 Nou
1178 362 1268 406 tamen
1282 364 1426 419 negamus,
1440 346 1499 400 dari
1510 345 1675 418 suspicionis
1687 344 1803 416 gradus,
1818 357 1843 401 ct
1852 347 1888 404 its
1925 351 1960 406 23

1069 444 1178 510 saepius
1192 439 1375 508 suspicionem
1396 437 1563 506 degenerare
1579 437 1606 486 in
1620 437 1887 504 praesumptionem,

1071 527 1129 594 ipse
1142 525 1213 575 enim
1227 523 1326 575 Cicero
1345 523 1469 590 agnoscit
1486 519 1673 590 suspicionem
1692 535 1820 586 coecum,
1839 521 1888 579 tit.

1070 609 1097 661 6.
1111 605 1295 679 epicnfiuuii.
1312 623 1336 677 ς.
1351 623 1431 673 quam
1446 614 1471 658 et
1483 603 1743 656 aiibitenuissimam
1756 601 1890 674 suspicio·

1072 711 1133 746 nem
1146 695 1223 745 dicit.
1236 692 1287 745 Cui
1307 691 1423 762 opponit
1440 688 1628 759 suspicionem
1648 690 1815 757 sicientem,
1837 685 1889 744 tid.

1074 785 1099 835 5.
1117 780 1195 849 epist.
1218 779 1362 852 ndfirmil.
1385 795 1427 830 so.
1448 775 1510 828 Pari
1529 791 1625 843 sensu,
1650 793 1705 844 quo
1727 777 1888 846 interpretes
1923 777 1958 843 ai

1071 865 1320 936 praesumptionem
1334 861 1455 913 bominis
1470 862 1496 911 in
1513 861 1660 913 violentam
1676 869 1700 911 et
1713 875 1768 912 non
1783 861 1891 913 eicien-

1070 959 1122 1002 tam
1138 948 1322 1016 distinguuut;
1336 945 1383 999 ubi
1397 961 1453 997 uon
1467 945 1588 999 aiotean
1600 943 1715 996 omniuo
1726 959 1790 996 cum
1801 943 1890 1012 auspi·

1071 1035 1153 1086 cione
1168 1033 1308 1085 coincidit.

1106 1114 1148 1170 De
1159 1127 1267 1170 caetero
1275 1113 1415 1183 quomodo
1424 1112 1458 1166 ab
1471 1111 1591 1177 indicio,
1604 1111 1782 1178 coniectura,
1795 1109 1890 1180 siguo,
1927 1111 1961 1162 25

1069 1199 1238 1252 adminiculo
1247 1197 1354 1250 diiierat
1366 1198 1485 1268 suspicio
1493 1239 1502 1264 ,
1516 1211 1669 1265 exponam.
1682 1193 1889 1248 recundunto-

1073 1289 1185 1340 ctriuam
1198 1285 1359 1351 lilenoebii,
1373 1283 1423 1339 til.
1441 1300 1464 1336 ι.
1478 1284 1613 1350 deprecer·
1632 1303 1678 1355 qu.
1694 1300 1720 1352 7.
1734 1280 1768 1334 Et
1778 1282 1889 1352 quidem
1926 1277 1961 1330 ab

1072 1371 1258 1440 praesumptio
1270 1369 1388 1434 dicitur,
1401 1382 1472 1436 quae
1493 1366 1627 1419 interdum
1642 1367 1730 1419 oritur
1743 1383 1776 1418 ex
1790 1364 1890 1436 proba·

1072 1451 1189 1518 bilibus,
1200 1452 1336 1505 interdum
1346 1461 1434 1502 autem
1448 1449 1626 1511 necessariis,
1637 1449 1666 1499 in
1674 1447 1825 1501 bouamscl
1834 1463 1889 1500 ma·

1072 1535 1125 1586 iam
1136 1547 1259 1606 partem
1275 1545 1299 1587 et
1311 1537 1362 1586 illo
1378 1533 1459 1584 modo
1475 1542 1514 1584 est
1525 1535 1596 1600 juris
1615 1532 1662 1584 vei
1678 1529 1815 1594 bominis,
1833 1529 1888 1585 hou
1987 1533 1993 1540 '

1072 1635 1141 1670 uero
1155 1621 1225 1684 juris
1243 1626 1268 1671 et
1287 1618 1322 1670 de
1336 1619 1410 1686 jure.
1430 1615 1565 1668 indicium
1584 1631 1652 1668 reru
1673 1615 1762 1668 oritur
1779 1613 1890 1683 quidem
1925 1617 1958 1674 ²7

1070 1703 1152 1755 etiam
1165 1720 1199 1756 ex
1215 1700 1422 1774 probabilibus,
1435 1699 1483 1754 seri
1495 1699 1594 1752 iactum
1615 1697 1786 1768 probandum
1804 1699 1890 1767 tangit

1072 1786 1219 1850 indirecte,
1233 1803 1295 1836 enm
1309 1784 1498 1854 praesumptio
1509 1779 1888 1852 tangatdirecte.Conjeetura
1923 1767 1960 1818 ²3

1072 1881 1111 1922 est
1123 1869 1157 1922 sle
1170 1885 1201 1921 re
1213 1868 1295 1920 dubia
1304 1910 1314 1933 ,
1324 1877 1350 1920 et
1362 1871 1403 1920 rei
1412 1862 1888 1936 latentisindicinsu.Signnm,quod
1924 1868 1959 1924 ²9

1072 1953 1122 2005 sub
1133 1969 1243 2006 sensum
1255 1953 1378 2019 aliquem
1392 1950 1482 2015 cadat,
1502 1961 1527 2004 et
1546 1949 1666 2018 aliquid,
1681 1947 1756 2018 quod
1774 1962 1807 1998 ex
1826 1947 1888 2018 ipso

1071 2037 1226 2108 proiectum
1242 2037 1350 2088 ridetur
1361 2035 1507 2104 significat.
1522 2031 1727 2084 Adminiculum
1741 2040 1847 2094 antem,
1866 2033 1889 2086 si
1928 2024 1961 2076 3⁰

1069 2140 1125 2174 non
1137 2125 1168 2175 sit
1184 2121 1349 2184 vehemens,
1369 2129 1407 2170 est
1425 2118 1550 2185 aliqualis
1566 2115 1605 2168 rei
1621 2114 1771 2186 probabilis
1790 2115 1891 2167 coniir·

1069 2209 1169 2274 matio,
1181 2216 1225 2258 ant
1238 2208 1261 2258 ai
1275 2207 1308 2258 ait
1319 2203 1467 2259 rebemeua
1474 2243 1483 2269 ,
1499 2209 1535 2253 est
1548 2201 1685 2270 suppletio
1694 2197 1814 2253 deiectus
1823 2217 1890 2269 pro·

1069 2291 1187 2344 batiouis
1200 2307 1250 2361 per
1262 2305 1292 2342 ee
1304 2289 1394 2342 solnm
1407 2303 1461 2338 non
1473 2302 1607 2356 operans,
1620 2284 1666 2338 sed
1680 2300 1743 2336 cum
1755 2284 1808 2336 alia
1822 2300 1888 2337 con·

1069 2379 1210 2446 peractione
1223 2390 1393 2444 cooperans,
1405 2381 1488 2442 prout
1501 2374 1535 2425 ita
1549 2370 1619 2422 banc
1629 2367 1792 2422 divisionem
1806 2377 1831 2420 et
1842 2365 1889 2418 de-

1070 2461 1205 2513 finitiones
1218 2477 1254 2512 ex
1267 2459 1356 2512 Baldo
1368 2461 1397 2513 iu
1409 2461 1431 2514 l.
1443 2455 1608 2530 ecquidem.
1621 2474 1650 2508 n.
1664 2468 1708 2525 29.
1720 2468 1790 2510 uers-
1801 2453 1890 2508 admi·

1069 2547 1203 2601 nicuium.
1222 2561 1250 2602 c.
1273 2539 1307 2599 eie
1324 2556 1451 2600 meusne.
1476 2541 1586 2596 adducit
1609 2537 1739 2592 iilenoeh·
1764 2537 1812 2594 eit.
1835 2539 1886 2592 loc.

1069 2629 1164 2698 infin.

1104 2712 1160 2766 Etsi
1180 2729 1249 2768 rero
1268 2713 1444 2781 conjectura,
1463 2711 1502 2766 uti
1522 2726 1605 2779 supra
1624 2708 1744 2776 dictum,
1756 2707 1836 2760 etiam
1851 2705 1889 2758 sit
1926 2698 1957 2752 31

1068 2795 1103 2849 cle
1114 2813 1144 2850 re
1161 2795 1263 2864 dubia,
1276 2796 1400 2866 adeoque
1419 2796 1460 2850 sie
1478 2813 1543 2849 curo
1559 2794 1718 2863 suspicione
1736 2791 1887 2844 conuenire

1069 2881 1212 2949 rideatur,
1224 2893 1290 2951 puto
1302 2892 1406 2948 tamen,
1420 2879 1511 2933 bacca
1524 2878 1741 2932 senibiiominus
1755 2873 1887 2940 differre,

1068 2964 1130 3032 quia
1141 2966 1284 3034 suspicans
1298 2963 1336 3016 ob
1347 2965 1429 3015 animi
1448 2972 1553 3016 motum
1572 2971 1598 3012 et
1617 2959 1806 3013 uehementem
1823 2957 1886 3010 titu·

1070 3047 1208 3102 bationem
1222 3049 1418 3104 nihiliirmiter
1438 3043 1613 3116 eligit.led.
1633 3046 1662 3098 ιἰι
1682 3045 1756 3098 rubr.
1775 3043 1833 3098 cod.
1851 3039 1889 3096 de

1067 3131 1175 3208 prebui.
1189 3149 1216 3191 et
1227 3137 1256 3189 iu
1269 3137 1290 3187 i·
1307 3133 1472 3207 ecquidem.
1487 3151 1515 3187 n.
1531 3130 1557 3183 3.
1573 3149 1596 3183 c.
1608 3131 1641 3186 de
1653 3143 1773 3185 accusat.
1789 3127 1888 3196 Conie-

1071 3229 1145 3272 ctans
1158 3227 1247 3270 autem
1259 3233 1292 3268 ex
1307 3214 1618 3284 verisimilibusaliquirl
1630 3215 1756 3280 assumit,
1771 3213 1889 3282 ideoque

1071 3302 1173 3370 aliquid
1186 3299 1330 3372 probabile
1344 3297 1486 3354 concludit
1504 3298 1585 3354 Bald.
1604 3300 1654 3354 cit.
1672 3301 1725 3354 luc·
1744 3317 1776 3352 ιι.
1797 3315 1837 3353 ro.
1859 3308 1889 3352 ut

1070 3387 1232 3454 coniectura
1242 3387 1276 3438 sit
1290 3383 1479 3438 vehementior
1491 3382 1625 3453 suspicio.

1103 3468 1245 3534 Ulterius,
1257 3469 1381 3538 quamvis
1395 3484 1457 3521 cum
1470 3466 1640 3522 dubitatione
1654 3477 1677 3520 et
1691 3465 1823 3537 opinione
1832 3483 1888 3520 ma-
1924 3471 1959 3520 32

1067 3567 1148 3620 gnam
1161 3568 1353 3622 nonnunquam
1367 3552 1493 3606 rideatur
1509 3549 1611 3604 babere
1629 3550 1785 3604 affinitatem
1799 3553 1887 3620 sospi-

1068 3637 1124 3702 cio,
1139 3635 1173 3688 nb
1185 3635 1229 3689 bis
1241 3647 1332 3691 tamen
1344 3633 1541 3702 ctiamdtffen,
1552 3651 1614 3688 cum
1628 3635 1760 3690 dubitatio
1773 3637 1886 3708 proprie

1066 3723 1116 3785 sit,
1137 3723 1248 3792 quando
1267 3725 1375 3777 animus
1393 3723 1489 3774 baeret
1511 3721 1539 3773 in
1559 3721 1651 3774 medio
1668 3737 1832 3792 suspensus,
1852 3740 1884 3776 ae

1068 3816 1191 3862 neutram
1209 3809 1238 3859 in
1256 3819 1361 3878 partem
1379 3807 1506 3869 inclinet:
1527 3808 1603 3877 qued
1624 3808 1648 3859 ai
1671 3824 1737 3860 aero
1756 3807 1884 3862 dubitans

1069 3891 1190 3944 medium
1202 3907 1257 3943 eron
1271 3901 1373 3958 teneat,
1386 3892 1433 3944 sed
1452 3893 1480 3944 in
1498 3893 1612 3946 alterans
1625 3901 1730 3962 partem
1748 3893 1885 3947 inclinare

1068 3975 1197 4044 incipiet,
1210 3978 1250 4030 sic
1264 3991 1296 4029 ex
1317 3975 1486 4030 dubitatione
1504 3975 1533 4030 iit
1550 3977 1689 4046 suspicio,
1707 3974 1834 4030 Furinae.
1853 3998 1883 4049 q.

1069 4058 1112 4112 36.
1126 4079 1163 4126 ιι.ι
1172 4057 1230 4132 eqd.
1241 4061 1337 4130 opinio
1351 4071 1440 4112 autem
1455 4062 1600 4115 assentitur
1613 4061 1691 4114 alteri
1706 4064 1793 4131 parti,
1805 4071 1828 4114 et
1840 4062 1883 4128 jo·
1919 4063 1954 4122 3}

1068 4142 1170 4196 dicium
1182 4144 1291 4213 quidem
1305 4143 1508 4197 determinetum
1518 4187 1526 4210 ,
1538 4145 1587 4198 sad
1599 4145 1738 4198 infirmum
1753 4163 1783 4198 ac
1798 4147 1882 4198 racil-

1069 4227 1530 4296 laus,coujunctumcumcoutrarii
1543 4226 1882 4294 formidinebabetmsleo·

1065 4328 1122 4378 que
1133 4315 1238 4366 animus
1251 4313 1388 4382 opinantis
1401 4311 1608 4384 quodammodo
1617 4311 1726 4365 iluctnet
1739 4313 1767 4363 in
1780 4321 1883 4366 utram·

1066 4410 1121 4462 que
1131 4409 1254 4466 partem,
1266 4409 1289 4450 et
1304 4397 1405 4449 dicitur
1416 4395 1506 4448 adbuc
1520 4394 1662 4456 dubitares
1677 4413 1757 4464 quam
1770 4397 1881 4466 opinio·

1065 4496 1128 4532 nem
1139 4499 1202 4534 curn
1216 4480 1370 4533 rebemeati
1383 4481 1543 4550 suspiciose
1552 4489 1691 4548 comparat
1703 4479 1795 4532 raaia.
1809 4475 1844 4532 d.
1856 4481 1878 4534 l.

1064 4587 1094 4620 ιι.
1114 4568 1172 4637 aqi.
1186 4567 1317 4635 Suspicio
1327 4582 1396 4618 reru
1409 4573 1463 4628 est,
1476 4562 1585 4633 quaudo
1601 4565 1627 4616 in
1641 4563 1754 4619 alteram
1774 4574 1881 4634 panem
1917 4560 1951 4634 84

1063 4651 1218 4718 sequiorem
1231 4648 1470 4717 animusiinelinat,
1484 4657 1509 4700 el
1523 4657 1636 4718 propter
1650 4647 1723 4700 levia
1735 4665 1879 4718 argumen-

1061 4743 1087 4788 ta
1099 4735 1273 4787 formidinem
1287 4733 1406 4802 oppositi
1422 4731 1503 4786 babet
1514 4735 1704 4800 coniunctam,
1718 4745 1797 4806 prout
1818 4737 1879 4808 plu·

1063 4820 1137 4872 ribus
1152 4819 1259 4874 erudite
1272 4819 1343 4871 baec
1360 4819 1481 4888 explicat
1500 4815 1604 4872 Leonis.
1625 4817 1700 4876 bere.
1719 4817 1757 4877 de
1770 4823 1794 4892 j.
1814 4823 1878 4894 et}

1063 4907 1127 4959 libra
1140 4921 1164 4962 a.
1178 4920 1242 4961 seer.
1258 4905 1283 4970 i.
1298 4922 1357 4976 cap.
1372 4919 1417 4976 aq.
1431 4903 1514 4957 dudit.
1527 4919 1556 4956 a.
1573 4903 1714 4960 Francisc.
1727 4905 1878 4978 ilos-‹imre-

1061 4989 1306 5058 paguarmpmtou.
1317 4987 1451 5060 proludii.
1464 4987 1496 5040 irs
1514 5005 1637 5044 macerr-
1653 4992 1831 5061 probabilior·
1849 5013 1876 5048 c.

1067 5089 1108 5141 ιγ.
1121 5093 1152 5126 ιι.
1164 5072 1207 5126 35.
1221 5071 1267 5124 ubi
1278 5074 1360 5124 simui
1371 5073 1504 5141 explicat,
1516 5072 1656 5139 quomodo
1669 5075 1877 5146 suspiciosius·

1062 5155 1165 5210 midine
1183 5155 1311 5223 differat,
1324 5173 1456 5226 quorsum
1476 5155 1621 5213 breuitatis
1635 5179 1728 5215 eruore
1745 5164 1880 5219 lectorem

1063 5238 1180 5296 cautus,

1096 5321 1242 5376 Materiam
1254 5322 1429 5376 criminalem
1441 5341 1511 5377 rero
1521 5327 1597 5395 quusi
1607 5331 1717 5400 attinet,
1729 5333 1783 5389 sub
1793 5353 1877 5394 voca·
1914 5348 1947 5396 at,

1061 5405 1128 5460 bola
1143 5408 1309 5460 indiciorum
1327 5406 1596 5474 comprehenduntur
1615 5421 1706 5468 omnia
1718 5421 1873 5492 praedicta,

1062 5503 1090 5545 nt
1102 5493 1306 5563 praesumptio,
1325 5493 1499 5560 conjectura,
1519 5497 1623 5564 siguum
1639 5511 1663 5555 et
1676 5505 1815 5572 suspicio,
1834 5508 1874 5561 nti

1062 5585 1131 5648 patet
1143 5595 1174 5630 ex
1189 5577 1446 5634 constitut-crimin·
1457 5577 1551 5631 Carni.
1564 5585 1683 5640 V.urtie.
1701 5587 1741 5640 rii.
1754 5589 1871 5646 subm

1060 5663 1226 5736 Ausetani„
1235 5679 1342 5738 seraper
1350 5662 1471 5732 intelligi
1483 5657 1582 5721 dedere
1588 5667 1722 5728 munem
1737 5675 1875 5732 halwi-
