4396 6286
979 249 1169 308 utstnrtt.
1188 250 1239 304 lv·
1257 247 1375 306 cient
1395 249 1431 305 tt.

355 349 613 420 esman,dellctum
633 369 648 402 a
667 345 794 402 ministro
813 341 938 398 aeclesiae
957 344 1170 397 commissnmin
1222 343 1252 396 Si
1272 355 1364 398 contra
1389 342 1510 400 iecerint
1531 353 1558 398 et
1579 344 1649 398 hune
1672 357 1830 396 eonsensum
1855 337 2039 410 neglexerint,
2078 354 2124 400 u

356 453 559 511 patronum,an
578 436 605 488 in
625 446 791 500 extraneum,
809 447 843 482 an
863 429 933 482 circa
953 428 1010 498 ipss
1027 425 1113 482 oilicii
1132 448 1171 484 sa·
1222 444 1276 480 non
1303 428 1387 480 solunt
1412 428 1556 482 arbitrarie
1575 448 1590 480 a
1607 426 1788 488 consisorio,
1816 434 1948 492 tamqnam
1972 426 2039 494 legis

356 527 394 578 cri
414 523 585 577 ttrueiionen.
606 521 636 572 Si
656 527 752 570 contra
767 524 918 584 patronum
938 512 1100 582 peccarent,
1118 515 1172 585 ipsi

361 611 476 676 injurias
502 608 600 670 reales,
627 603 778 656 rerbalesre
806 595 962 662 inferendo,
987 613 1042 649 non
1072 601 1172 666 poterit

1222 511 1345 579 publicae
1367 523 1591 580 transgressores,
1610 510 1757 581 puniendi,
1776 508 1822 562 sed
1841 507 1951 578 iusuper
1969 511 2041 578 inju-

1223 597 1323 648 riarum
1343 597 1450 648 actione
1466 606 1593 666 poterunt
1610 597 1710 666 pulsari
1735 613 1749 644 a
1768 593 1858 655 laeso,
1877 607 1936 661 arg.
1953 591 1972 644 1.
1991 613 2041 647 trec

361 695 418 761 ipse
437 703 564 760 patronus
582 704 642 738 eum
662 683 822 753 suspendere
841 679 881 734 rel
900 695 1047 745 removete,
1065 697 1125 732 cum
1144 679 1174 734 in
1222 679 1437 748 magistratibus.
1459 677 1554 747 st.ff.
1574 679 1607 732 de
1624 678 1705 749 injur.
1725 676 1856 744 Quinitno
1874 686 1898 728 et
1922 675 1976 744 ipsi
2002 695 2040 732 sa·
2081 672 2126 714 *ὅ

358 775 467 846 propria
485 791 560 826 causa
577 769 658 840 judex
678 767 931 831 existeret,·contra
946 761 1118 815 interdictum
1132 764 1173 830 ju-

1224 763 1347 815 cerdotes
1366 763 1426 814 idco
1445 762 1475 813 ad
1495 773 1599 835 ternpus
1611 767 1643 814 ab
1660 758 1752 813 officio
1771 759 1897 829 suspendi
1916 771 2041 829 possunt,

358 858 412 910 ris:
432 859 473 911 Ne
490 855 552 927 quis
570 855 599 908 in
618 871 670 906 sua
689 867 773 904 causo
788 849 906 919 judicet,
920 848 961 902 vei
972 846 1082 916 jmsttt
1093 846 1176 900 dicct.
1222 845 1446 916 quemadmodum
1466 846 1664 914 responderunt
1681 844 1877 896 consistoriaies
1888 843 1960 912 apud
1974 848 2042 897 Car-

359 947 419 996 floo
436 959 498 994 casu
515 957 578 1008 ergo
597 956 639 992 res
663 935 808 990 deferenda
826 934 860 986 ad
883 933 994 985 consist.
1020 930 1174 1001 ibidemque

362 1028 470 1098 praevio
494 1042 618 1096 processu
642 1022 661 1075 i.
686 1039 709 1074 e.
734 1017 858 1090 probatis
883 1015 1010 1085 injuriis,
1034 1016 1176 1084 auditaque

361 1109 516 1161 defensione
536 1109 669 1160 sententis
691 1104 812 1167 iercnda,
839 1111 867 1154 et
885 1101 917 1153 dc
936 1102 985 1153 boc
1009 1117 1070 1150 casu
1087 1100 1178 1169 ioqui·

366 1203 407 1246 tur
427 1191 560 1244 sententia
580 1187 685 1259 saepius
702 1186 817 1240 laudata.
836 1183 866 1237 Si
884 1183 912 1236 r'n
930 1197 1094 1237 extraneum
1112 1201 1175 1254 pec·

360 1277 475 1342 caverit,
495 1292 517 1327 e.
542 1293 567 1343 g.
592 1270 748 1340 scortando,
773 1267 960 1331 adulterando,
979 1283 1029 1320 etc.
1055 1267 1109 1338 ipsi
1134 1287 1178 1338 pa-

361 1373 437 1414 trono
456 1363 497 1428 jus
517 1357 696 1430 stispendendi
709 1366 736 1410 et
748 1351 903 1408 removendi
913 1351 1118 1405 adscribendum
1130 1369 1179 1424 pn-

363 1463 404 1514 to,
425 1451 449 1502 ri
468 1447 535 1500 dicti
554 1461 650 1498 reccss.
676 1443 798 1513 prosinc.
821 1439 929 1493 etiamsi
954 1437 983 1489 iu
1003 1438 1114 1490 consist.
1133 1438 1178 1490 de·

363 1552 442 1604 super
461 1533 594 1585 actionem
614 1547 666 1581 non
686 1527 807 1581 mouerit.
827 1523 914 1578 Verba
926 1522 1000 1576 enim
1014 1520 1113 1593 jedcolt
1131 1520 1181 1572 mit

360 1619 562 1690 gehtiliriicliem
577 1606 701 1687 process,
714 1633 768 1668 non
788 1612 838 1664 hoo
855 1611 1007 1673 insultant,
1020 1621 1047 1664 ut
1064 1626 1111 1678 per
1124 1626 1178 1661 mo·

363 1702 427 1755 duan
446 1700 560 1754 actionis
579 1699 618 1753 iel
637 1697 815 1752 accusationis
833 1697 863 1748 in
881 1697 1038 1750 consistorio
1056 1694 1182 1766 expedis-

365 1797 424 1848 tur;
444 1786 490 1838 sed
507 1781 622 1848 sufficit,
643 1781 722 1835 modo
747 1797 794 1852 per
820 1794 973 1850 processum
993 1777 1181 1847 inquisitionis

362 1870 481 1940 legitime
502 1867 627 1937 procedat
645 1874 738 1919 contra
758 1871 890 1934 pastorem
909 1873 1046 1931 patrunus,
1064 1859 1135 1928 quod
1155 1857 1180 1910 ri

362 1951 575 2022 iurisdictionis,
599 1951 653 2004 sibi
679 1951 709 2002 in
735 1949 782 2001 ilio
805 1949 862 2002 ioco
887 1943 1066 2015 competentis
1093 1941 1182 1995 iacere

364 2036 484 2108 poterit,
503 2055 555 2106 qno
579 2052 656 2098 casu,
676 2031 700 2086 si
723 2047 862 2104 processus
888 2025 1074 2097 inquisitionis
1092 2026 1183 2078 audita

364 2123 520 2176 defensione
546 2119 662 2190 pastoris
685 2117 718 2171 sd
741 2113 825 2169 sanem
850 2112 995 2176 deductus,
1016 2113 1124 2182 ipseque
1150 2109 1184 2161 de

364 2207 480 2258 erimine
505 2204 642 2258 convictus
667 2204 719 2268 sit,
738 2197 916 2254 transmittere
942 2209 1000 2250 ecte
1024 2196 1058 2246 sd
1077 2193 1184 2246 inculta-

365 2298 419 2343 tem
437 2288 579 2358 juridicam
598 2287 710 2356 poterit,
730 2284 802 2337 inibi
820 2299 908 2336 aunon
931 2297 975 2334 res
993 2279 1076 2349 digne
1094 2297 1183 2332 remo·

366 2375 455 2438 tione,
474 2374 674 2443 exploraturum
691 2369 760 2440 qnod
779 2371 802 2422 si
822 2367 860 2420 itu
879 2367 1097 2438 pronunciatum,
1119 2363 1182 2415 libe-

367 2474 395 2509 re
413 2474 473 2510 eum
494 2456 653 2520 removebit,
676 2471 736 2509 curn
755 2451 863 2524 praecio
888 2449 1010 2518 legitimo
1030 2448 1185 2516 inquisitio·

365 2541 409 2595 nis
428 2557 551 2614 processu
570 2541 623 2611 ipsi
643 2541 708 2593 haec
727 2555 811 2610 poena
830 2536 929 2634 dictata
954 2535 996 2589 sit.
1016 2531 1070 2586 Nec
1089 2534 1184 2586 dubito

367 2625 413 2676 tali
433 2643 510 2694 essu,
530 2625 553 2676 si
572 2635 641 2676 certa
659 2623 796 2677 commissi
815 2619 941 2675 criminis
960 2617 1060 2670 iudicia
1078 2617 1183 2680 adsint,

368 2719 525 2776 patronum,
550 2705 663 2759 durante
687 2721 826 2776 processu,
859 2714 991 2774 pastorem
1023 2702 1185 2770 suspendere

365 2807 459 2862 posse,
472 2806 531 2842 cnm
546 2790 685 2860 suspensio
697 2806 730 2841 ex
747 2791 806 2857 jure
819 2788 970 2841 removendi
984 2785 1139 2856 dependeat·
1153 2787 1183 2842 Si

368 2873 441 2926 eirca
461 2871 586 2945 officium
604 2875 658 2927 sili
674 2873 847 2929 commissum
866 2873 1023 2943 peccaverit,
1042 2873 1119 2925 Sacra
1138 2889 1183 2924 ne·

366 2959 505 3028 gligendo,
530 2961 571 3012 rei
597 2962 665 3010 maie
687 2957 921 3023 administrando,
946 2959 1041 3008 iterum
1076 2956 1185 3026 praerio

365 3061 489 3118 processu
508 3045 695 3116 inquisitionis
719 3043 893 3096 removendus
909 3060 925 3095 s
944 3050 1058 3111 patrono
1077 3040 1184 3095 rideba-

364 3142 419 3185 tnr:
437 3127 556 3182 sedeam
577 3130 640 3182 haec
658 3146 700 3181 res
718 3135 841 3198 exempta
860 3127 896 3179 sit
913 3125 1093 3194 jurisdictioni
1112 3141 1184 3176 secu·

366 3301 431 3351 sitia
456 3309 555 3353 tantum
581 3306 747 3362 concernat,
772 3311 824 3347 non
854 3293 1027 3346 ecciesiasticis
1059 3289 1185 3360 negotia,

366 3383 467 3452 quippe
483 3399 550 3451 quae
568 3381 618 3434 soii
636 3376 793 3432 consistorio
813 3387 957 3439 reserssta,
971 3375 1016 3428 hic
1035 3377 1131 3427 iterum
1147 3392 1189 3428 res

367 3486 381 3520 s
396 3477 508 3536 patrono
521 3465 554 3516 sd
574 3465 758 3518 consistorium
777 3461 936 3524 deserenda,
950 3464 993 3511 ubi
1010 3461 1033 3510 si
1049 3457 1112 3512 iacta
1126 3477 1186 3511 cau-

368 3570 412 3604 sae
430 3551 598 3615 discussione
614 3555 666 3606 iata
685 3549 723 3603 sit
740 3549 870 3602 sententia
890 3547 1064 3607 remotionis,
1077 3553 1187 3614 patrono

367 3645 456 3706 postes
476 3637 595 3690 executio
614 3635 672 3706 ipss
689 3632 826 3704 competit.
839 3630 872 3682 Et
884 3631 933 3682 hoe
952 3630 1032 3680 etium
1048 3627 1076 3679 in
1097 3629 1187 3698 primo

368 3735 444 3784 casu,
463 3719 508 3772 ubi
527 3721 556 3771 in
576 3722 665 3790 ipsum
685 3728 826 3790 patronum
847 3723 1015 3785 peccaverat,
1030 3725 1088 3784 post
1106 3714 1187 3766 latam

368 3805 530 3857 sententiam
555 3820 643 3858 rerum
672 3813 808 3874 putamus;
829 3803 874 3851 ubi
901 3812 986 3853 tumen
1013 3799 1035 3850 si
1062 3817 1122 3850 cum
1142 3817 1186 3868 pa-

369 3895 446 3942 trono
465 3887 493 3939 in
512 3889 623 3956 qratiam
644 3889 733 3940 redcat
743 3923 751 3952 ,
762 3886 852 3956 ipsum
865 3886 925 3953 jore
944 3885 1097 3938 removendi
1111 3901 1188 3954 posse

368 3989 421 4023 non
443 3974 480 4027 uti
500 3962 541 4026 e(
541 3973 629 4043 ipsum
650 3974 678 4026 in
697 3969 789 4024 officio
809 3971 938 4032 retinere,
953 3969 1116 4039 putaverim,
1133 3969 1184 4019 nisi

369 4074 447 4126 genie
464 4057 615 4110 scandalum
635 4055 763 4110 ecclesiae
780 4053 888 4118 datum,
907 4053 981 4105 eliud
1001 4053 1124 4106 scamni.

406 4143 456 4194 ttie
469 4157 540 4194 nuuc
552 4142 689 4194 cornmone
702 4138 852 4206 subjicitur,
859 4137 924 4206 quid
940 4135 1088 4188 nubendum
1103 4133 1140 4187 sit
1153 4132 1185 4183 de

368 4227 541 4294 suspensione
559 4244 573 4276 a
591 4242 666 4278 sacra
677 4239 756 4276 coeua
770 4223 810 4276 rei
824 4241 838 4274 a
851 4220 1004 4290 patrinatu,
1016 4235 1094 4271 werin
1109 4215 1187 4268 einer

369 4322 435 4356 uorn
460 4308 604 4360 Gedrnuels
623 4308 671 4360 des
688 4307 760 4360 Heii.
774 4303 965 4358 Atendmatts
983 4302 1052 4354 oder
1067 4299 1187 4353 vender

373 4389 551 4445 Christiiclten
575 4389 803 4460 Gevcttersclscffl
819 4388 988 4457 suspendiret
1001 4384 1068 4440 wird
1075 4423 1084 4448 ,
1095 4404 1110 4436 a
1123 4403 1185 4453 quo·

370 4489 431 4524 trum
450 4473 495 4526 iiia
516 4471 576 4528 lieri
597 4471 700 4546 possit?
723 4473 756 4526 ls't
774 4474 900 4543 quonism
921 4472 982 4523 baec
1002 4468 1091 4539 magui
1111 4485 1185 4539 prn-

369 4555 464 4624 judicii
485 4571 535 4624 est,
545 4561 595 4611 soii
610 4561 736 4612 ministro
747 4558 871 4612 eeclesiae
885 4555 1039 4624 nentiquam
1059 4554 1188 4624 hicquic·

368 4658 445 4710 qnam
465 4642 563 4697 iicebit.
582 4644 710 4714 Requiret
728 4643 823 4712 igitur,
844 4641 867 4693 si
885 4640 983 4709 aliquis
1003 4649 1090 4710 spreta
1110 4638 1184 4691 omni

320 4723 322 4728 '
372 4727 519 4780 munitione
538 4745 552 4778 a
572 4731 689 4798 turpiori
708 4727 761 4780 sita
780 4727 907 4778 desistere
925 4723 1010 4784 nolit,
1028 4739 1186 4776 eonsensum

272 4867 275 4874 ,
369 4813 534 4865 consistorii.
555 4814 633 4883 Quod
652 4815 689 4866 ita
715 4811 856 4865 salubriter
877 4808 1072 4871 introductum,
1093 4824 1127 4860 ne
1146 4824 1187 4861 sa-

369 4897 489 4950 cerdotes
508 4899 628 4967 alioquin
642 4901 671 4950 in
686 4899 795 4968 propria
814 4910 890 4948 causa
908 4893 1011 4961 judices
1029 4891 1146 4943 existant
1160 4901 1188 4944 et

370 4985 474 5052 privato
492 5000 681 5053 nonuunquam
699 4983 761 5034 odio
780 4979 853 5031 ducti
871 4977 996 5029 atrociter
1009 4978 1035 5026 in
1049 4977 1115 5026 aiios
1128 4975 1187 5028 abs·

368 5087 419 5139 que
438 5073 506 5136 justa
526 5086 602 5122 cansa
622 5067 783 5128 fulminent,
797 5064 850 5117 rid.
865 5059 1015 5127 Cisursristl.
1028 5059 1188 5112 Brnndcnb.

375 5153 691 5222 Visitnts'cns-Ordnung
707 5153 740 5204 de
759 5166 836 5202 anno
859 5158 934 5200 ists.
952 5147 992 5197 tit.
1016 5157 1055 5196 tu.
1074 5147 1096 5209 §·
1113 5146 1189 5196 Wrir·

370 5241 423 5293 den
442 5239 498 5292 siclt
518 5240 593 5294 ader.
613 5239 667 5288 itit:
685 5237 780 5289 Sollers
798 5235 838 5287 rie
856 5232 940 5284 r'ltnen
965 5233 1060 5282 Gottcs
1083 5229 1190 5282 Urtlrcr'l

370 5329 438 5380 tter
452 5327 510 5380 sicis
534 5322 730 5390 cerleindr'pen,
755 5318 813 5372 und
835 5317 957 5382 rotense,
976 5313 1026 5368 nie
1051 5313 1186 5378 obstclret,

371 5411 432 5464 dem
450 5409 609 5466 consuturis
630 5407 797 5472 cormettes,
818 5404 876 5456 unci
892 5401 974 5454 selbst
992 5398 1064 5450 nicht
1078 5395 1190 5448 Richter

370 5499 472 5553 darium
489 5516 566 5567 seyn.
585 5493 661 5548 Cani.
680 5495 762 5544 ctiam
781 5491 895 5542 aliorum
915 5487 1028 5537 locorum
1047 5481 1136 5536 ordin.
1148 5498 1188 5533 ec-

370 5585 484 5638 etesiast.
502 5600 567 5652 quas
584 5582 710 5648 allegatas
728 5574 832 5628 ridebis
850 5592 864 5625 a
882 5571 928 5624 dn.
954 5569 1062 5624 Strucio
1082 5569 1110 5620 in
1130 5578 1187 5620 not.

372 5671 410 5726 nd
427 5667 545 5727 Desselr't'
561 5667 714 5723 crotenai.
729 5659 785 5733 iter.
804 5678 903 5716 cotton.
921 5657 940 5711 l.
954 5671 977 5712 t.
995 5654 1036 5708 rit.
1057 5664 1099 5707 tt.
1119 5673 1146 5726 q.
1161 5667 1185 5708 e.

1225 947 1265 998 pr.
1285 928 1397 1000 jurispr.
1424 929 1570 983 ecclesiast.
1588 929 1635 980 tit.
1662 939 1687 980 s.
1704 923 1762 995 def.
1783 936 1841 978 ttt.
1865 944 1893 977 n.
1917 937 1958 978 ts.
1977 932 2041 980 An·

1229 1011 1367 1082 iungendo
1393 1010 1437 1064 die
1461 1009 1642 1080 Bestrqffung
1662 1011 1711 1062 res
1733 1009 1865 1072 diaconi,
1891 1028 1971 1064 monn
1997 1012 2047 1064 der

1227 1099 1346 1169 li'ineger
1364 1098 1423 1169 aits
1430 1097 1547 1152 dictetis
1565 1099 1685 1168 dringet,
1700 1097 1760 1150 und
1774 1098 1824 1150 der
1841 1098 1984 1168 Bettagn,
1997 1100 2048 1154 der

1228 1182 1330 1251 Kluge,
1350 1183 1411 1238 taut
1428 1185 1517 1236 Eures
1535 1182 1662 1245 Bericlrt,
1673 1181 1734 1236 also
1751 1181 1910 1250 pertuensi,
1926 1184 1995 1238 oder
2010 1185 2044 1236 u·

1228 1267 1392 1330 dermiesen,
1413 1267 1477 1321 dms
1501 1284 1532 1321 er
1553 1279 1602 1322 etc·
1629 1267 1727 1336 deydes
1742 1267 1794 1318 die
1821 1269 1981 1336 Antaorsrg
1996 1271 2049 1324 det

1226 1356 1339 1413 Beicltte
1358 1357 1416 1411 und
1433 1357 1602 1412 Absolution
1621 1355 1864 1425 eigenmaaclsts'ger
1892 1353 1981 1409 Wet'se
1996 1353 2049 1410 tei·

1229 1460 1283 1493 nen
1303 1461 1331 1495 n.
1349 1452 1490 1512 versaret,
1501 1458 1534 1495 sc
1550 1441 1586 1494 ist
1603 1460 1634 1496 er
1650 1441 1789 1509 seliuldig,
1799 1439 1861 1498 dem
1878 1439 2049 1511 Beieids'pten

1230 1525 1337 1582 ctrnrt.
1356 1546 1392 1580 su
1415 1527 1587 1598 ¹depreciren,
1604 1526 1701 1580 reineri
1729 1540 1822 1578 eecess
1839 1525 1896 1578 und
1909 1523 2047 1594 praecipi·

1229 1611 1349 1665 tantiam
1363 1610 1463 1679 judicii
1478 1611 1636 1679 offentlt‘cli,
1650 1611 1749 1680 jectoct
1773 1610 1876 1662 retaem
1901 1611 1970 1662 Amt
1987 1608 2051 1664 und

1229 1695 1324 1748 Elsren
1342 1697 1416 1748 olane
1433 1696 1557 1750 Scdaden
1577 1717 1611 1750 su
1629 1696 1784 1758 erkennrn,
1796 1694 1856 1748 und
1874 1713 1939 1762 mog
1954 1693 2050 1748 ertia·

1229 1781 1314 1831 rriber
1330 1781 1438 1834 andern
1462 1800 1524 1836 eum
1548 1781 1694 1844 Altclseu,
1714 1777 1925 1842 oitttrnttctun,
1951 1789 2050 1834 entsvs·

1229 1863 1278 1916 der
1289 1861 1348 1932 aits
1363 1874 1387 1916 t.
1401 1865 1468 1917 oder
1481 1877 1506 1916 s.
1525 1866 1598 1932 lage
1611 1863 1660 1916 mit
1676 1863 1818 1918 ieidliclren
1837 1863 2052 1918 Priesterls'clsers

1236 1946 1389 2000 Geltorscm
1415 1948 1532 2018 deleget,
1556 1947 1626 2002 oder
1649 1945 1709 2016 auf
1725 1958 1749 1999 t.
1781 1946 1902 2002 Woelten
1927 1947 1993 2016 long
2012 1947 2050 2000 ab

1231 2026 1328 2098 officio
1346 2032 1516 2098 suspenderet
1534 2034 1649 2094 werden.
1663 2029 1739 2083 Cani.
1758 2029 1826 2102 disp.
1845 2046 1930 2100 praes.
1949 2029 1994 2084 dn.
2006 2031 2052 2084 st-

1233 2129 1311 2176 ntone
1328 2117 1410 2166 Jeuae
1434 2115 1540 2182 habita,
1558 2117 1592 2171 de
1616 2114 1748 2170 actionid.
1772 2114 1937 2186 injuriarum
1954 2119 2054 2170 Socer·

1233 2197 1289 2250 dot.
1308 2199 1543 2254 concernentibus.

1268 2285 1328 2338 tttsi
1350 2297 1436 2339 tamen
1457 2289 1561 2343 notoria
1581 2288 1639 2342 sint
1664 2289 1760 2344 delicta
1780 2288 1869 2354 illins,
1889 2287 1990 2357 dequo
2008 2302 2055 2340 sn·
2098 2281 2134 2322 ‘⁶

1232 2367 1386 2439 spendendo
1410 2389 1425 2422 a
1443 2387 1517 2426 sacra
1541 2390 1620 2426 coena
1641 2374 1682 2425 rei
1707 2374 1845 2445 patrinatu
1864 2373 1966 2440 agitur,
1984 2389 2008 2424 t.
2028 2384 2055 2438 g.

1234 2453 1257 2506 si
1278 2454 1306 2504 in
1324 2451 1502 2506 concubinatu
1522 2457 1609 2520 siret,
1629 2459 1668 2510 cei
1688 2470 1765 2526 neget
1788 2475 1847 2512 ses
1868 2455 1983 2528 peccatis
2003 2457 2054 2508 de·

1234 2538 1331 2590 sistere
1354 2538 1435 2602 velle,
1454 2537 1476 2590 si
1503 2538 1541 2592 sit
1565 2539 1740 2611 blasphemus
1763 2552 1810 2596 aut
1833 2541 1983 2605 usurarius,
2003 2550 2056 2594 etc·

1235 2620 1308 2674 Talis
1333 2621 1406 2674 euim
1424 2621 1524 2692 alisque
1544 2623 1666 2677 mandato
1685 2625 1832 2694 superioris
1850 2628 1917 2693 juste
1943 2624 2054 2695 repelle·

1235 2715 1296 2771 tur,
1312 2707 1474 2777 praeprimis
1493 2707 1538 2758 ubi
1557 2725 1610 2760 non
1628 2708 1719 2762 statim
1738 2708 1893 2762 consistorii
1910 2709 1987 2778 copia
2007 2709 2057 2763 bs·

1235 2790 1293 2842 beri
1313 2800 1409 2860 potest.
1429 2787 1759 2861 du.lirunnem.ad1'us
1784 2791 1876 2845 eccles.
1903 2792 1921 2842 ἱ.
1943 2802 1965 2842 t.
1983 2807 2009 2842 c.
2031 2801 2058 2842 s.

1234 2875 1346 2928 membr.
1367 2884 1389 2927 t.
1410 2881 1432 2939 ς.
1453 2886 1495 2930 tu.
1513 2874 1659 2928 Pruckner.
1682 2877 1710 2930 in
1736 2877 1859 2932 monuo!-
1885 2891 1943 2929 cas.
1962 2890 2058 2929 conso.

1235 2975 1305 3018 cent.
1326 2975 1350 3014 s.
1369 2983 1393 3033 q.
1416 2974 1459 3014 ss.
1481 2963 1552 3014 Hinc
1573 2962 1721 3031 punierim
1743 2978 1863 3031 quoqne,
1883 2960 1906 3012 si
1930 2960 1955 3014 is
1974 2975 2003 3012 se
2021 2957 2058 3012 ad
2101 2949 2130 2988 ⁵²

1234 3063 1255 3100 s.
1274 3065 1382 3100 coenam
1401 3046 1509 3099 admitti
1530 3056 1618 3116 petat,
1637 3047 1669 3098 de
1688 3049 1763 3116 cujus
1785 3063 1897 3116 persons
1916 3045 2058 3099 conscien-

1236 3145 1277 3188 ter
1296 3134 1401 3188 dubitat
1425 3133 1563 3198 minister,
1581 3151 1614 3186 ao
1634 3135 1713 3205 digne
1731 3133 1837 3189 admitti
1863 3134 1965 3205 possit,
1984 3145 2062 3201 roget

1236 3235 1297 3274 tero
1318 3221 1426 3290 ipsum,
1445 3229 1472 3273 ut
1489 3217 1523 3271 sd
1541 3217 1645 3288 aliquot
1662 3219 1719 3271 dies
1738 3231 1821 3272 semet
1843 3219 1986 3285 abstineat,
2012 3217 2062 3272 do-

1237 3321 1287 3356 nec
1305 3301 1497 3356 resolutionem
1515 3303 1672 3356 consistorii
1692 3321 1770 3374 snpra
1788 3303 1953 3356 admissione
1971 3300 2061 3372 ipsius

1238 3387 1437 3458 impetraverit,
1457 3387 1528 3440 hunc
1546 3388 1700 3441 ministrum
1719 3405 1772 3441 non
1792 3405 1916 3458 peccare,
1936 3405 1985 3442 nee
1997 3405 2062 3441 non-

1238 3481 1275 3524 tra
1293 3471 1408 3524 ordinat.
1427 3473 1606 3526 consistorial.
1625 3490 1716 3542 agere,
1736 3475 1836 3546 quippe
1861 3473 1936 3527 aliud
1954 3487 1994 3530 est
2011 3492 2061 3528 sn-

1236 3557 1366 3626 spendere
1381 3573 1430 3610 seu
1449 3575 1502 3610 non
1520 3556 1713 3612 admittendum
1733 3558 1929 3629 pronunciare,
1942 3571 1967 3613 et
1983 3558 2062 3612 aliud

1235 3638 1345 3693 differre
1365 3641 1518 3710 negotium,
1539 3640 1623 3694 donec
1639 3661 1654 3694 e
1672 3641 1833 3696 consistorio
1852 3643 2001 3696 decidatur.

1271 3725 1306 3778 Et
1326 3736 1425 3780 tantum
1448 3726 1481 3780 de
1506 3726 1557 3791 iis,
1575 3727 1621 3797 qui
1649 3737 1760 3797 possunt
1783 3730 1948 3800 suspendere
1967 3729 1996 3780 in
2015 3743 2058 3780 ec·
2100 3735 2130 3776 ⁵⁸

1238 3810 1406 3862 ciesinsticis.
1426 3809 1503 3880 erod
1528 3826 1656 3880 personas
1679 3814 1809 3864 seculares
1831 3811 1941 3876 attinet,
1960 3811 2060 3865 barum

1237 3895 1440 3965 suspensionem
1460 3895 1557 3950 iterum
1575 3893 1697 3947 adscribo
1722 3895 1782 3958 iiii,
1799 3894 1846 3965 qni
1875 3897 1996 3966 superior
2014 3903 2061 3950 est

1236 3990 1263 4034 et
1281 3991 1434 4049 competens
1453 3979 1509 4031 iliis
1529 3979 1760 4045 tridentinorum
1778 3979 1862 4048 igitur
1882 3979 2059 4048 Papam,sn-
2099 3983 2131 4024 Η

1237 4063 1424 4134 spensionetn,
1444 4065 1499 4116 imo
1524 4065 1611 4133 ipsam
1637 4063 1835 4136 depositionem
1862 4064 2058 4134 imperatorum

1236 4160 1262 4202 ct
1273 4165 1363 4217 regum
1378 4149 1483 4203 nefario
1499 4167 1563 4202 ausu
1582 4149 1634 4202 sibi
1648 4147 1855 4212 adscribentem,
1867 4166 1929 4201 con.
1943 4160 1966 4199 t.
1980 4163 2057 4202 cous.

1239 4243 1279 4284 ts.
1296 4252 1322 4304 q.
1343 4246 1367 4286 s.
1387 4243 1446 4286 etc
1478 4243 1501 4284 2.
1520 4233 1549 4286 in
1564 4231 1618 4302 fin.
1635 4233 1670 4288 de
1686 4243 1802 4286 sentent.
1825 4241 1851 4284 et
1874 4247 1904 4287 re
1917 4230 2003 4299 judic.
2023 4230 2055 4284 itt

1236 4325 1261 4369 t.
1282 4315 1354 4368 Petr.
1367 4314 1448 4384 Greg.
1462 4315 1612 4378 Tboiosan,
1631 4317 1660 4368 in
1672 4328 1811 4385 syntagm.
1826 4315 1882 4384 jur.
1903 4314 2056 4370 unicorni.

1237 4412 1277 4454 st.
1297 4417 1321 4452 c.
1342 4411 1385 4454 stt.
1404 4417 1432 4452 n.
1451 4411 1475 4450 t.
1495 4397 1601 4450 Dudum
1622 4401 1686 4452 haec
1705 4399 1792 4470 Papae
1816 4398 2006 4469 superioritss,
2025 4397 2056 4451 si

1235 4486 1308 4554 cujus
1327 4483 1442 4551 judicem
1469 4483 1590 4536 omnium
1614 4501 1765 4555 supremum
1792 4501 1820 4538 se
1844 4499 1902 4536 esse
1920 4481 1988 4534 dicit
2005 4482 2054 4552 qui
2067 4505 2086 4518 ·

1235 4583 1327 4620 omnes
1345 4565 1454 4634 judicat,
1474 4565 1519 4619 sed
1539 4585 1552 4620 a
1578 4569 1686 4620 nemine
1708 4567 1860 4636 judicatur,
1880 4567 1908 4619 in
1929 4566 1988 4636 ipso
2006 4583 2057 4635 pa-

1236 4659 1298 4717 patu
1316 4649 1422 4717 explosa
1442 4657 1483 4700 est
1500 4658 1527 4702 et
1550 4647 1696 4702 conturna.
1715 4650 1786 4702 Hinc
1811 4666 1861 4703 nec
1886 4650 2056 4718 imperator,

1237 4748 1285 4784 uec
1301 4748 1376 4800 reges
1394 4747 1453 4784 enm
1472 4733 1638 4802 superiorem
1657 4733 1772 4803 amplius
1784 4745 1947 4802 agnoscunt,
1958 4734 1991 4786 de
2001 4751 2056 4803 qno

1238 4814 1360 4866 lleinric.
1379 4814 1507 4869 Gebhard
1525 4817 1558 4870 de
1575 4827 1674 4886 potest.
1694 4818 1842 4872 ecclesiast.
1868 4838 1897 4872 n.
1923 4828 1965 4869 st.
1983 4833 2058 4887 seqq.

1237 4895 1272 4948 Et
1287 4899 1407 4966 quamsit
1425 4895 1514 4948 forsan
1531 4910 1637 4951 eatenus
1657 4901 1743 4971 Papae
1761 4901 1883 4956 rideatur
1901 4911 2057 4971 competere
2095 4914 2126 4955 ee

1238 4993 1347 5052 potestas
1365 4983 1548 5052 suspendendi
1568 4987 1756 5055 imperatorem
1777 4998 1804 5040 et
1822 4999 2056 5058 reges,qnatenus

1238 5069 1265 5118 tn
1285 5067 1461 5120 ecclesiastica
1479 5071 1536 5135 iura
1555 5086 1587 5121 cx
1607 5073 1768 5140 apostoticae
1785 5073 1856 5126 sedis
1868 5074 1977 5128 liberari
1990 5092 2057 5130 con=

1236 5153 1357 5203 cessione
1375 5163 1514 5216 exercent,
1533 5163 1562 5206 ut
1580 5172 1604 5208 r·
1627 5173 1652 5224 tt·
1671 5158 1840 5210 ecclesiarum
1870 5171 1988 5213 rectores
2007 5177 2055 5213 no·

1237 5238 1338 5288 minare
1349 5247 1374 5290 et
1387 5250 1553 5305 praesentare
1572 5242 1690 5308 possint,
1706 5241 1745 5293 nti
1758 5243 1814 5294 ruit
1825 5245 1899 5296 Paul.
1912 5243 2054 5314 hymann.

1240 5323 1267 5372 in
1285 5321 1368 5373 tlteol.
1388 5323 1485 5375 rnoral.
1505 5323 1522 5374 Ι.
1546 5336 1568 5377 t.
1586 5334 1619 5376 tr.
1640 5337 1663 5376 t.
1680 5337 1752 5392 part.
1766 5340 1791 5380 t.
1809 5345 1830 5380 c.
1847 5338 1910 5382 λιι.
1924 5331 1989 5382 min
1993 5330 2052 5400 fin.

1237 5405 1292 5458 Nec
1311 5407 1359 5458 hoc
1378 5415 1463 5460 tamen
1482 5410 1626 5464 concedere
1643 5411 1791 5480 possimus:
1803 5412 1850 5481 qni
1862 5415 1935 5466 euim
1955 5415 2053 5466 libera·
2092 5416 2118 5460 ⁶¹

1235 5490 1299 5544 liter
1316 5507 1469 5546 concessum
1488 5492 1541 5546 dici
1562 5496 1661 5564 poterit
1679 5495 1746 5548 iliud
1766 5497 1821 5562 jus,
1835 5499 1904 5568 quod
1924 5499 1983 5568 ipso
1995 5501 2056 5566 iure

1236 5576 1315 5627 alicui
1334 5579 1386 5644 jam
1408 5589 1460 5630 tum
1480 5579 1627 5648 competit?
1643 5589 1689 5632 sut
1706 5599 1759 5649 quo
1777 5581 1854 5635 modo
1873 5583 1997 5653 suspendi
2012 5603 2057 5655 po-

1235 5671 1337 5730 terunt,
1348 5661 1395 5734 qui
1413 5673 1518 5734 praeter
1533 5665 1619 5722 Deum
1638 5663 1805 5739 superiorem
1824 5685 1877 5724 non
1890 5669 2053 5742 agnoscunt?
