4418 6266
402 198 454 276 ,aa
928 195 1458 272 auroranxrurmannrn„
1930 205 1978 274 :tt

340 293 395 365 fin.
411 311 435 350 e.
453 291 488 349 de
505 291 562 350 red·
579 293 619 352 al.
637 313 695 352 non
713 295 856 354 alienati
873 291 1009 370 prohibita
1028 292 1167 350 alienatio·
1218 315 1271 370 que
1289 299 1394 372 publiea
1411 317 1466 354 non
1489 299 1620 367 habeant,
1649 319 1698 374 per
1722 302 1742 356 l.
1775 315 1813 359 ts.
1823 303 1864 374 Ι
1883 303 2024 374 ttatt'qaol

345 399 380 436 ne
397 381 532 453 prohibita
550 383 630 436 etiam
648 383 817 454 hypotheoaq
836 401 907 454 resp.
929 393 1038 444 tamen,
1055 381 1168 449 quoda·
1222 385 1355 456 exemplis
1371 385 1442 439 bene
1460 385 1555 440 multis
1574 386 1691 440 illustrat
1708 389 1879 444 Wissenbae.
1897 389 1936 444 ad
1948 386 2021 440 alil·

348 466 495 520 lienatione
512 465 642 520 bonorum
661 469 777 524 civitatis
796 485 850 521 non
869 465 1034 534 simpliciter
1046 463 1167 534 prohibi·
1225 470 1325 522 11.ουί
1342 469 1404 522 addi
1424 471 1633 540 potestl'aanaa.
1653 473 1672 524 t,
1692 482 1716 524 t.
1733 469 2026 527 3013014325315.
2054 459 2078 503 11

348 561 391 617 lr,
410 551 457 604 ud
477 559 595 615 leuium,
623 567 658 604 ne
683 551 742 605 sina
760 553 931 628 solemnitate
954 543 1095 618 praefinita
1114 544 1166 600 nu.
1220 554 1356 622 spondeo,
1376 553 1500 608 eiritates
1517 564 1545 608 et
1563 555 1751 610 universitates
1769 553 2025 625 linitasetapproba·

348 637 410 689 lam
428 651 490 688 reto
509 651 646 688 necessum
665 653 720 688 non
739 646 796 700 eat,
814 643 844 688 ut
861 634 953 687 eadem
966 631 1121 684 solemnius
1133 629 1167 681 ad
1222 643 1281 698 tas,
1303 637 1371 690 bona
1385 637 1482 691 habere
1496 655 1572 708 posse
1583 648 1610 690 et
1624 641 1704 693 resin
1717 641 1867 705 communi,
1881 641 1949 696 aient
1959 656 2027 708 qnae

353 718 529 790 hypothecam
548 717 674 784 aoeedat,
692 735 761 788 qnae
780 717 812 770 ad
830 716 1037 779 alienationem,
1055 713 1101 766 sed
1113 712 1167 766 sni·
1222 717 1291 771 libet
1311 735 1427 790 persona
1446 721 1590 791 singularis
1607 734 1693 794 potest
1711 724 1808 778 habere
1825 725 1894 778 bona
1912 723 2027 794 propria,

355 800 428 866 licit,
447 803 471 854 si
492 819 540 872 per
558 801 732 872 hypothecam
751 803 784 855 ad
808 800 997 854 alienationem
1024 799 1167 852 derenien-
1220 809 1307 853 textus
1324 799 1486 856 confirmant
1504 805 1602 869 multi,
1622 803 1674 856 uid.
1693 807 1711 857 l.
1734 819 1755 856 ι.
1774 807 1797 872 §.
1816 804 1912 876 quibas
1938 814 2029 857 auten.

350 885 430 952 dum,
448 885 518 955 qnod
537 895 599 938 tune
617 885 648 937 in
665 897 726 940 aetn
743 885 918 938 alienationis
941 883 1096 938 solemnitas
1115 898 1169 936 aon
1219 886 1943 959 enm§.fi,1,ffiq„0,10„,·„,4„,„„,·„„,‚„„„,1‚2·
1962 905 1985 939 θ,
2001 887 2030 940 p,

351 971 498 1024 omittetur·
517 968 631 1038 Quando
648 985 710 1036 ergo
728 969 852 1022 alienatio
869 983 960 1020 rernm
985 975 1064 1035 atque
1087 965 1169 1018 bono-
1222 968 1427 1040 dium-praed.
1447 971 1548 1025 urban.
1566 972 1611 1022 ulii
1630 971 1767 1041 quaelibet
1785 967 1879 1022 antus
1894 967 2031 1038 poteatlaa·

349 1074 410 1110 rnan
428 1055 563 1109 eisitatnm
582 1053 661 1106 nobis
679 1057 733 1120 iam
751 1051 906 1106 delinienda
921 1050 1010 1114 seuit,
1024 1060 1053 1102 nt
1066 1051 1172 1102 metha·
1221 1054 1283 1107 bera
1300 1065 1328 1108 et
1347 1056 1400 1108 sibi
1420 1056 1559 1125 anquirere
1577 1055 1644 1107 bona
1663 1065 1691 1108 et
1709 1073 1738 1107 ea
1758 1051 1877 1107 firmiter
1893 1051 2032 1124 possidere.

351 1143 386 1194 do
408 1159 437 1194 ne
454 1138 546 1195 ordini
564 1136 717 1192 academico
743 1132 869 1197 satisfiat,
890 1152 948 1188 eam
976 1133 1170 1196 describimus,
1224 1137 1302 1205 Quod
1320 1145 1406 1189 autern
1426 1137 1456 1190 in
1474 1138 1550 1205 alleg.
1568 1153 1648 1206 snpra
1668 1135 1784 1188 textibus
1801 1136 1879 1204 ,bona
1904 1137 2033 1190 eisitatnan
2061 1126 2083 1172 ²⁸

349 1226 463 1298 quodni
484 1218 975 1290 talisaetusqaoeinitat,nelejur
994 1217 1170 1272 administra·
1222 1237 1274 1272 non
1294 1219 1347 1274 nisi
1366 1220 1475 1274 abutire
1492 1221 1597 1290 publiea
1622 1220 1808 1292 appellentur,
1835 1219 2032 1290 intelligendum

350 1323 432 1376 tores,
451 1327 487 1362 ea
498 1310 577 1379 justa
595 1315 622 1358 et
639 1303 760 1374 legitima
778 1322 880 1367 masa,
906 1303 1079 1372 precansque
1100 1301 1171 1353 tole·
1223 1321 1281 1358 esse
1298 1318 1364 1375 puto
1383 1305 1449 1360 faeta
1466 1316 1494 1358 et
1512 1307 1581 1358 inita
1599 1306 1799 1376 oemparatione
1812 1315 1840 1358 et
1849 1307 2032 1359 eollationead

347 1391 503 1448 mnitatibas
515 1392 535 1441 1.
547 1409 576 1442 n.
592 1389 703 1443 attona
721 1398 804 1457 atque
816 1403 858 1439 res
869 1385 991 1439 civitatis
999 1385 1121 1455 publicar
1132 1386 1172 1436 ito
1222 1387 1290 1440 δοιι
1310 1387 1384 1440 urbis
1414 1405 1556 1454 romanae,
1576 1397 1699 1458 respectu
1717 1389 1902 1444 rero¹cisinm
1921 1407 2032 1454 satorum,

345 1481 378 1534 in
397 1479 483 1534 aliam
501 1473 687 1543 tranqserant,
705 1482 734 1524 at
752 1469 781 1522 in
802 1470 883 1524 bonis
900 1468 1017 1524 ciuitatis
1041 1485 1101 1523 erse
1123 1469 1169 1522 de·
1220 1487 1331 1540 quornm
1350 1471 1442 1524 usibus
1461 1473 1530 1524 bona
1548 1472 1596 1524 illa
1609 1471 1737 1526 destinata
1754 1483 1829 1535 sunt,
1846 1490 1911 1543 aeq3
1937 1473 2034 1543 publiea

346 1566 452 1618 sinant
1219 1552 1311 1608 eadem
1329 1553 1459 1607 censenda
1478 1571 1536 1608 esse
1554 1565 1693 1625 putamus,
1712 1565 1790 1624 atque
1809 1555 1854 1608 illa
1874 1565 2034 1618 censentur,

277 1667 306 1710 ta
401 1645 544 1702 Sciendum
562 1642 607 1696 laio
618 1653 673 1708 est,
690 1641 760 1714 quod
778 1641 829 1695 aab
846 1639 956 1694 noinine
981 1635 1101 1692 civitatis
1128 1635 1169 1688 in·
1219 1655 1286 1708 qnae
1304 1649 1363 1692 sunt
1382 1639 1457 1690 urbis
1474 1654 1612 1692 romanae:
1631 1648 1711 1708 prout
1728 1639 1778 1692 hoe
1795 1639 1829 1692 ita
1848 1638 1966 1706 explieat
1981 1637 2035 1688 llil·

350 1735 486 1791 tellectum
505 1730 636 1792 relimns,
654 1728 747 1780 omnia
764 1723 895 1792 eiusmodi
908 1723 1037 1790 collegia,
1055 1720 1168 1772 societa-
1220 1719 1266 1788 lig.
1287 1719 1435 1774 addoni.
1453 1728 1512 1773 ne.
1527 1721 1657 1774 t.l.aet
1675 1737 1710 1774 ex
1729 1737 1760 1774 eo
1788 1721 1888 1788 Vultej.
1907 1719 1939 1772 a'a
1956 1721 2036 1792 jnn'a

349 1831 389 1874 tes
408 1830 435 1873 et
453 1813 657 1876 universitates,
674 1809 773 1880 quibus
791 1807 952 1879 permissum
965 1803 1067 1868 est,ad
1079 1818 1168 1855 exem·
1217 1803 1300 1871 prud.
1314 1821 1422 1859 roman.
1435 1805 1475 1858 ad
1484 1806 1503 1856 l.
1518 1814 1541 1855 1.
1552 1803 1614 1856 inst
1626 1805 1657 1857 in
1669 1821 1792 1874 prooem.
1818 1822 1846 1856 ιι.
1874 1816 1914 1856 11.
1938 1815 2034 1874 etseq.

347 1904 421 1973 plnm
441 1898 622 1970 reipublioae,
638 1896 790 1946 habereres
804 1907 974 1952 eommnnes,
998 1903 1087 1940 aream
1098 1903 1168 1940 eorn-
1217 1889 1298 1958 paulo
1316 1887 1391 1943 nliter
1408 1886 1481 1940 idam
1501 1897 1588 1940 tnetnr
1605 1887 1710 1940 lderins
1727 1887 1757 1940 in
1769 1904 1840 1941 eom.
1851 1889 1890 1940 ad
1907 1887 1964 1960 jus.
1983 1889 2032 1941 lud.

348 2001 457 2040 rnnnem
476 1993 505 2036 et
521 1992 636 2036 retorem
656 1996 702 2031 sen
720 1976 882 2047 syndicum,
905 1992 954 2046 per
977 1991 1071 2043 quem,
1099 1983 1165 2026 tam·
1214 1993 1241 2042 p.
1263 1973 1436 2026 1.1ι“1.1.ιι.
1457 1983 1498 2026 11.
1514 1981 1627 2041 etseqq.
1652 1973 1699 2040 qui
1725 1972 1838 2024 omnino
1858 1981 1977 2025 meretur
1994 1973 2031 2023 ri·

346 2087 426 2140 quam
446 2069 474 2120 in
494 2066 649 2137 republica,
667 2063 738 2134 quod
757 2059 937 2113 communiter
955 2057 997 2125 agi
1016 2051 1109 2124 fieriqq
1135 2074 1165 2108 o·
1220 2055 1300 2110 deri.

346 2161 453 2224 portet,
472 2158 583 2219 agatur,
600 2145 665 2210 liat,
684 2163 732 2217 per
750 2145 768 2196 l·
792 2145 855 2210 14
878 2135 951 2208 1.Ι.
969 2139 1046 2209 qnod
1056 2142 1163 2210 eajasqs
1253 2141 1482 2210 Quemadmodum
1501 2151 1585 2193 antem
1605 2140 1765 2210 generaliter
1776 2140 1843 2195 bona
1863 2142 1893 2196 in
1911 2145 1971 2210 jura
1992 2157 2033 2193 no·
2064 2155 2088 2194 11

347 2239 467 2293 anivers.
487 2250 562 2288 nom.
579 2231 598 2282 1.
616 2240 712 2284 enntm
728 2245 788 2284 eam
801 2236 867 2298 agat
880 2225 954 2294 itin·
968 2223 1113 2278 Brnnnern.
1126 2223 1166 2280 ad
1217 2234 1269 2279 stro
1286 2224 1443 2279 dividuntur
1460 2225 1488 2276 in
1509 2224 1618 2278 mobilia
1637 2235 1663 2277 et
1681 2223 1846 2292 immobilia,
1865 2229 1941 2294 juxta
1959 2223 1978 2274 l.
1997 2236 2033 2276 tt.

277 2313 309 2356 ²⁰
352 2322 432 2375 Vina.
450 2327 472 2383 5.
493 2323 515 2370 Γ.
534 2317 597 2370 inat.
615 2315 733 2368 dend-
751 2311 876 2364 Civitatis
893 2309 967 2363 enim
987 2325 1087 2362 nomen
1110 2326 1163 2361 non
1218 2306 1243 2380 5,
1277 2317 1302 2362 1.
1310 2307 1438 2377 ffdere
1443 2308 1504 2380 jad.
1518 2310 1536 2362 l.
1551 2321 1593 2361 tt.
1596 2307 1640 2377 Ι
1652 2311 1688 2364 de
1699 2325 1727 2360 ιι.
1739 2311 1790 2362 nl.
1806 2321 1850 2362 tn.
1876 2329 1900 2363 e.
1927 2308 1960 2362 de
1978 2309 2033 2381 jar.

348 2406 439 2458 minus
457 2401 607 2456 universale
623 2407 689 2466 alq;
707 2396 830 2464 generale
846 2402 906 2460 est,
930 2409 1008 2462 quam
1033 2391 1165 2444 uniuersi·
1216 2392 1272 2446 dot.
1291 2390 1330 2443 sie
1348 2399 1376 2444 et
1393 2393 1421 2443 in
1442 2394 1562 2462 haolege
1579 2402 1670 2446 nostra
1688 2393 1756 2446 bona
1774 2393 1914 2448 oiritatnm
1933 2395 1961 2447 in
1980 2411 2033 2446 roo·

350 2488 429 2552 tatis,
447 2484 499 2540 aid.
511 2503 534 2536 o.
552 2483 578 2536 si
594 2481 695 2534 ciuitas.
716 2491 759 2530 11.
776 2479 809 2532 de
820 2485 935 2538 sentent,
948 2491 1124 2529 exeommun-
1137 2474 1166 2526 ia
1219 2475 1284 2528 bilia
1302 2485 1329 2528 et
1346 2473 1495 2528 immobilia
1515 2473 1688 2542 diridnntur,
1707 2486 1787 2546 prout
1804 2476 1885 2530 rerba
1903 2475 2031 2547 legispaa.

279 2529 309 2570 Η
351 2588 405 2630 tto.
423 2574 487 2628 lieet
505 2571 584 2638 hujus
602 2564 805 2637 appellationem
825 2562 949 2614 latiorem
970 2575 1030 2612 esse
1048 2577 1102 2612 non
1121 2575 1166 2611 ne·
1218 2559 1270 2611 sim
1289 2569 1415 2627 arguunt
1434 2559 1475 2610 Er
1494 2559 1529 2610 iis
1547 2559 1646 2611 iterum
1664 2561 1792 2630 quaedam
1811 2569 1887 2623 sunt,
1905 2577 1971 2631 qnae
1981 2559 2031 2611 nsi·
2062 2579 2084 2618 tt

350 2675 462 2732 gemunt
480 2653 556 2726 priua
577 2660 664 2704 umen
683 2647 801 2701 retinere
818 2642 932 2726 placuit,
952 2655 1026 2705 tum,
1042 2641 1113 2710 quod
1126 2642 1167 2695 tit.
1220 2643 1269 2695 bna
1286 2641 1404 2713 publicis
1422 2641 1586 2714 simpliciter
1603 2642 1733 2699 destinata
1752 2653 1830 2707 sunt,
1849 2645 1980 2713 quaedam
1993 2660 2030 2696 re·

351 2750 402 2816 leg.
422 2765 451 2796 ιι.
473 2755 497 2794 1.
516 2754 614 2792 nomen
633 2735 683 2786 lnoe
701 2730 852 2802 praeierat,
871 2739 943 2791 tum,
969 2725 1039 2796 quod
1066 2725 1166 2794 passim
1224 2739 1252 2776 ro
1271 2723 1719 2794 adraldituseiritatnmspeetant
1738 2737 1762 2780 et
1781 2726 1810 2777 in
1828 2729 1944 2796 paeoni.
1954 2744 2032 2797 popa.

347 2835 376 2887 in
395 2835 454 2900 jure
470 2837 561 2880 nostro
577 2841 592 2874 a
608 2819 760 2872 eiritatilins
778 2814 812 2868 ad
830 2813 941 2880 collegia
960 2820 988 2862 et
1004 2825 1113 2877 eorpora
1133 2809 1166 2860 li·
1221 2808 1240 2858 li
1260 2816 1339 2862 sant:
1350 2805 1383 2860 ad
1391 2807 1486 2862 horum
1500 2809 1610 2862 classem
1627 2807 1767 2862 referenda
1778 2822 1838 2864 aaut
1856 2811 1976 2881 praedia,
1993 2827 2032 2880 pa·

348 2917 416 2982 aita,
434 2906 630 2981 argumentatio
647 2901 790 2974 procedat,
809 2898 846 2952 nti
865 2913 919 2948 non
937 2896 1049 2948 obscure
1062 2892 1167 2960 colligi·
1219 2906 1295 2955 seua,
1314 2907 1422 2944 nemora
1440 2900 1468 2942 et
1487 2891 1589 2944 reditus
1609 2892 1794 2962 reipublicae,
1817 2909 1887 2962 qnae
1912 2893 1943 2945 in
1967 2910 2035 2946 aera·

350 3010 444 3054 taret
462 2996 481 3050 i.
504 3005 526 3046 1.
545 2994 568 3059 §-
598 3002 620 3044 t·
639 2983 682 3056 Ι.
700 2985 773 3054 qaod
795 2982 925 3054 cujusque
942 2975 1167 3048 anivers-ibique
1221 2976 1292 3028 rium
1311 2973 1484 3036 deierantur,
1503 2974 1584 3028 veluti
1606 2974 1705 3029 fruetus
1724 2985 1751 3028 et
1768 2977 1914 3047 pensiones
1941 2977 2033 3028 molen·

348 3075 508 3138 Gntboired.
527 3076 565 3130 ita
582 3081 615 3127 nt
631 3088 681 3124 neo
699 3078 784 3122 eastra
807 3077 834 3118 et
849 3063 927 3118 sillae
952 3081 968 3113 a
992 3059 1167 3130 dispositione
1219 3061 1346 3113 diuorum
1370 3069 1398 3112 el
1421 3059 1596 3128 praediorum
1622 3059 1803 3130 publicorum,
1828 3077 1895 3130 quas
1921 3073 2034 3112 annonae

280 3207 311 3252 ῃ
352 3166 420 3236 legis
438 3181 464 3216 n.
477 3198 486 3227 ,
500 3157 625 3231 quamvis
641 3155 707 3210 alias
725 3150 905 3222 appellatione
922 3143 1041 3198 ciuitatis
1060 3161 1115 3194 nun
1127 3161 1167 3196 ra·
1219 3147 1312 3200 eiriles
1331 3155 1428 3198 textus.
1446 3145 1464 3197 1.
1483 3163 1512 3198 n.
1530 3144 1595 3196 dieit
1609 3143 1755 3214 mancipia,
1770 3144 1920 3213 menualia,
1931 3143 2034 3206 aoeisaa,

348 3253 437 3314 nient,
455 3263 506 3317 per
522 3246 541 3298 l.
560 3258 587 3300 1.
603 3252 625 3307 ς.
646 3254 669 3295 1.
686 3251 713 3294 et
720 3239 779 3309 fin.
796 3235 828 3305 Ι.
841 3237 875 3288 de
884 3251 948 3302 pen.
960 3233 1009 3300 leg.
1023 3233 1167 3286 excluden-
1218 3229 1357 3299 gabatha.
1375 3230 1487 3293 tributa,
1498 3245 1612 3300 poenae,
1628 3229 1741 3282 mulctae
1753 3239 1781 3280 et
1794 3229 1906 3282 similia.
1927 3229 2032 3283 ,tuom

348 3333 397 3388 dae
414 3331 488 3396 sint,
506 3326 649 3381 seeundum
668 3320 785 3386 llolandq
797 3320 830 3374 de
846 3318 926 3373 Valle
937 3333 1011 3370 oona.
1027 3322 1070 3368 to·
1083 3332 1110 3366 ιι.
1126 3323 1168 3366 11.
1220 3332 1253 3368 ea
1273 3324 1460 3368 numerosnnt
1477 3315 1593 3384 templa,
1620 3313 1743 3378 scholae,
1767 3315 1886 3384 plateae,
1916 3309 2032 3368 ‚edificia

350 3435 411 3472 eum
425 3433 497 3486 seqq.
514 3409 637 3466 Menoch.
655 3407 751 3461 consil.
772 3415 815 3458 11.
833 3424 862 3459 ιι.
882 3412 924 3454 11.
944 3398 1074 3454 alexand.
1091 3412 1167 3450 cons.
1222 3398 1346 3472 publiea3
1366 3399 1482 3464 theatra,
1501 3398 1611 3460 balnea,
1630 3397 1719 3467 eampi
1740 3397 1839 3468 publici
1859 3417 1923 3455 enm
1942 3397 2035 3452 almiti-

350 3515 374 3554 1.
392 3501 450 3554 vol.
470 3508 495 3551 1.
512 3495 634 3550 Mentire
651 3491 685 3546 de
701 3501 753 3544 tar.
770 3499 798 3544 et
814 3488 885 3542 amb.
903 3503 981 3542 ronr-
999 3486 1019 3538 l.
1038 3493 1066 3534 t.
1080 3481 1121 3536 tit.
1141 3494 1168 3533 e.
1222 3483 1286 3546 bus,
1304 3480 1405 3536 oonler.
1423 3482 1441 3533 i.
1462 3495 1486 3532 a.
1503 3479 1594 3550 pnffi
1608 3481 1641 3534 de
1653 3481 1777 3536 contrad.
1789 3493 1870 3552 empt.
1883 3492 1909 3532 et
1924 3481 2037 3547 ddpnr·

348 3605 379 3638 aa,
397 3597 443 3638 aa,
1220 3567 1272 3619 rim
1285 3567 1322 3621 ad
1338 3565 1389 3620 titt.
1401 3564 1515 3616 institut.
1529 3559 1596 3630 ι1Ι
1611 3563 1645 3616 de
1656 3579 1679 3614 r.
1692 3563 1719 3616 d.
1731 3563 1844 3618 addatur
1855 3565 1939 3618 etiarn
1952 3565 2032 3616 trane

390 3666 515 3722 Publione
534 3661 616 3718 etiam
635 3657 771 3714 civitatum
789 3671 850 3720 res,
868 3654 969 3708 dietam
987 3663 1046 3718 est,
1065 3651 1095 3704 in
1108 3649 1170 3703 alie·
1220 3650 1254 3704 de
1264 3659 1318 3704 tao.
1331 3659 1358 3703 et
1371 3648 1472 3719 ombig.
1485 3657 1611 3702 convent.
1624 3648 1643 3699 l.
1659 3657 1681 3698 1.
1697 3649 1738 3700 tit.
1754 3659 1778 3700 t.
1793 3667 1820 3701 ra
1843 3659 1863 3701 1.
1879 3649 1918 3700 Ut
1935 3666 1997 3718 ergo
2009 3648 2034 3698 in

352 3751 486 3808 ationem
504 3743 657 3816 huiuamodi
676 3744 785 3808 venire,
802 3741 848 3794 de*
861 3757 914 3810 qno
940 3749 1027 3792 tamen
1051 3735 1170 3790 dubitari
1223 3734 1273 3788 han
1290 3749 1380 3788 rerum
1399 3743 1477 3803 atque
1496 3733 1624 3786 bonorum
1644 3729 1800 3784 diversitate
1818 3740 1937 3797 oonstet,
1962 3743 2036 3802 quae·

353 3845 462 3908 posset,
479 3833 514 3888 ob
533 3831 577 3895 id,
594 3827 666 3899 qnod
686 3828 808 3882 civitates
825 3828 885 3895 iura
904 3834 995 3886 nostro
1015 3822 1089 3875 oirili
1114 3821 1168 3890 pri·
1221 3836 1283 3872 nam
1301 3833 1335 3870 ex
1355 3817 1390 3870 iis
1403 3815 1515 3871 alienari
1533 3814 1650 3887 possint,
1669 3815 1789 3884 sequitur
1810 3831 1889 3869 nuno.

351 3917 550 3986 satorumjnre
566 3913 712 3970 nannoni
727 3927 779 3982 per
797 3911 816 3962 l.
836 3907 927 3981 roff.
944 3905 979 3964 de
996 3924 1020 3964 u.
1038 3925 1060 3958 ι.
1084 3905 1166 3960 bona-

1018 4055 1269 4126 CAPUT
1308 4057 1372 4122 Ill.

2066 3275 2087 3314 ll

277 3708 309 3750 tt

505 4243 567 4312 Da
583 4238 755 4334 qualitate
778 4230 1161 4306 bonornmeiotrarum,
1184 4251 1271 4320 quae
1292 4225 1447 4295 alienari
1464 4238 1632 4314 poseant,
1655 4237 1689 4288 et
1713 4221 1757 4287 de
1779 4220 1888 4288 modis

941 4333 1148 4428 acquirendi
1171 4333 1261 4399 bona
1287 4331 1448 4397 eivitatin

589 4512 613 4564 d
633 4510 662 4564 ΙΙ
675 4506 712 4560 dt
725 4505 762 4558 d!
774 4501 847 4558 Adi
865 4501 936 4556 lA.
1219 4495 1298 4550 &aar
1312 4492 1415 4562 dejure
1427 4506 1531 4545 soson.
1545 4505 1649 4544 merum
1676 4489 1733 4543 soil.
1762 4487 1902 4558 ιἰιιριιὶιιιιι
1914 4485 2034 4541 hienri-

1258 4581 1316 4634 dat.
1337 4597 1363 4632 ιι.
1387 4587 1427 4628 ta.

351 4685 502 4750 ingruens.
514 4696 544 4732 ιι.
560 4686 581 4732 l·.
1225 4666 1306 4734 Quod
1315 4663 1399 4718 etiam
1413 4660 1518 4712 obtinet
1530 4658 1562 4710 in
1574 4659 1729 4712 eius'tatidar
1743 4655 1942 4710 pomeraniae.
1955 4673 1982 4707 ιι.
1996 4663 2032 4709 ts.

313 4753 315 4757 ⁵
348 4758 752 4834 Bonoqaoeaaneomnsnto
765 4769 855 4812 reram
880 4751 1027 4823 exempta?
1052 4771 1080 4806 ιι.
1108 4761 1135 4808 t.
1147 4762 1173 4805 1.
1217 4752 1366 4822 Emptione
1374 4756 1403 4799 et
1410 4743 1627 4816 praescriptione
1634 4763 1737 4814 qaoque
1744 4743 1815 4795 dona
1824 4741 2042 4810 aequinomi·

389 4854 458 4908 1,1.
1223 4832 1433 4892 lleror'vitntam
1455 4827 1517 4884 arai
1535 4827 1645 4901 padls'oo
1671 4829 1819 4895 deputatae
1838 4841 1955 4893 prorsas
1968 4837 2036 4876 eom·

356 4935 498 5002 Quaenam
508 4925 632 4982 civitatis
643 4927 719 4980 bona
731 4922 780 4979 rab
789 4919 974 4974 commercio?
987 4936 1013 4974 ιι.
1032 4931 1057 4974 ι.
1071 4927 1095 4971 t.
1258 4915 1357 4970 marcio
1370 4931 1460 4968 rerum
1472 4923 1632 4980 exemptae,
1656 4932 1673 4966 a
1683 4910 1807 4983 principe
1824 4927 1861 4963 et
1878 4905 2036 4972 alemaniae

357 5017 552 5088 Qaalieamqaa
564 5013 643 5068 titalo
655 5011 748 5066 aanor
760 5006 990 5078 acquisiveritin.
1000 5016 1024 5059 1.
1033 5020 1057 5062 n.
1073 5015 1114 5057 ta.
1131 5012 1172 5057 11.
1256 5000 1401 5071 potestatis
1414 4999 1511 5053 iterum
1521 4996 1620 5070 subjici
1627 5005 1743 5064 portant
1753 4992 1928 5048 commercio.
1942 5011 1967 5042 n
1982 4999 2019 5038 tt.

354 5104 405 5156 Aa
416 5095 552 5174 ejusmodi
562 5095 737 5150 liberationes
748 5111 786 5148 em
796 5107 895 5152 cansa,
908 5099 940 5144 nt
948 5099 1017 5160 pata
1030 5089 1065 5142 od
1085 5089 1173 5142 Ιιοιιο-
1224 5089 1317 5142 Iiatr'a.
1331 5105 1360 5138 n.
1374 5094 1417 5136 11.
1432 5095 1474 5135 11.
1489 5092 1531 5134 11.

391 5203 446 5240 rena
458 5173 934 5252 adapirundametnfieripossint?
946 5194 974 5227 n.
990 5183 1029 5226 11.
1048 5184 1090 5227 tt.
1222 5173 1296 5226 Nam
1309 5167 1493 5224 alienationes
1503 5164 1637 5239 ejusmodi
1646 5162 1786 5218 civitatum
1801 5163 1931 5232 princeps
1947 5155 2033 5214 notra

358 5269 484 5324 Civitates
496 5278 521 5320 et
533 5266 648 5336 collegia
659 5261 733 5317 tiata
743 5271 860 5334 patrant
877 5259 1029 5316 enniana
1052 5257 1173 5314 valania-
1258 5255 1362 5310 naidas
1371 5270 1500 5327 peragere
1510 5249 1622 5320 poerit?
1632 5268 1660 5304 n.
1676 5259 1719 5300 11.
1733 5259 1775 5300 to.

394 5353 467 5410 tibur
478 5369 582 5424 rapere.
595 5369 624 5404 n.
640 5359 681 5403 11.
1221 5339 1408 5410 Diatiugnitar
1419 5355 1482 5392 eam
1497 5333 1608 5390 Grotio.
1620 5351 1648 5386 ιι.
1663 5343 1704 5386 11.

353 5439 404 5494 An
421 5439 506 5490 etiarn
515 5453 566 5506 per
576 5435 773 5488 incensionem
786 5431 821 5485 ad
832 5429 983 5484 intestato?
993 5450 1020 5484 n.
1039 5440 1080 5482 ts.
1095 5439 1137 5483 te.
1221 5425 1381 5479 Illustratar
1391 5422 1528 5493 exemplo.
1541 5439 1572 5472 n.
1585 5429 1625 5472 11.
1642 5429 1687 5471 tt.

360 5515 520 5572 Civitatibus
531 5514 733 5586 municipalibus
737 5515 808 5587 jare·
815 5515 954 5569 communi
967 5511 1096 5583 saraitae
1112 5528 1173 5566 ruo·
1222 5509 1417 5565 Alienationas
1427 5509 1574 5561 civitatum
1584 5538 1592 5568 ,
1604 5501 1719 5558 ntilr'tate
1729 5498 1839 5572 publiea
1849 5497 1980 5556 sanante
1990 5498 2027 5547 ιἰι·

399 5601 512 5662 cedendi
523 5601 550 5656 in
566 5603 637 5656 dosia
648 5599 779 5655 vacantia
792 5617 849 5654 non
864 5600 996 5672 oompetit.
1012 5615 1039 5650 ιι.
1056 5606 1096 5648 11.
1258 5592 1325 5646 vdie
1335 5591 1450 5647 sudditis
1461 5590 1554 5664 peragi
1563 5597 1677 5660 merant
1689 5583 1853 5642 indistinete.
1866 5601 1894 5637 ιι.
1909 5595 1950 5637 tn·
