4396 6286
205 285 253 338 ⁵97
628 260 677 316 DE
696 257 853 315 EFFEC'IU
872 255 1080 314 trutmuttrt
1101 254 1349 328 ututunrttts
1730 267 1783 339 291

113 383 126 424 2
186 369 292 424 Possunt
309 373 396 422 auten
416 363 536 422 aelsocmi
557 371 588 418 21
609 370 793 434 procuratores
819 358 851 411 ad
877 358 962 410 susci·
1009 356 1083 426 petit.
1103 353 1214 410 1222221.
1234 355 1392 426 Negatiram
1412 358 1659 418 1222121121212212
1679 368 1846 438 1222112212

155 452 252 524 piendns
269 468 357 504 causas
377 466 517 521 pauperum
536 445 585 502 snb
604 464 685 516 poena
703 439 863 515 priratiouis
876 436 960 492 cilicii
1009 439 1138 510 protimy.
1156 438 1184 490 r'n
1194 435 1255 508 firr-
1275 440 1336 510 quia
1358 457 1537 510 expensarum
1552 446 1684 502 restitutio
1698 447 1735 504 sit
1747 453 1845 504 solum·

153 537 280 608 eompelli,
298 537 382 600 adeo,
402 544 431 590 ut
443 536 466 589 si
479 535 512 588 ab
524 534 604 604 inope
616 530 742 584 salarium
757 526 908 590 extorserit,
921 541 962 576 re·
1012 523 1102 592 modo,
1120 542 1154 577 ne
1172 525 1225 578 siut
1245 526 1274 576 in
1295 525 1391 580 damno
1411 531 1482 595 juste
1502 530 1646 600 litigantes,
1665 551 1718 588 uon
1737 545 1842 602 autem,

154 621 251 676 stituere
262 617 326 672 illud
338 628 468 683 teneatur,
484 626 561 690 prout
573 614 757 684 exTiraquell.
771 609 865 682 probat
877 611 964 680 112222-
1014 617 1043 659 ut
1056 606 1159 678 aliquid
1175 608 1323 675 lucrentur,
1337 613 1480 664 secuudum
1497 613 1570 666 Paul.
1584 613 1617 668 de
1630 614 1701 669 Cast.
1714 617 1742 668 in
1758 619 1775 670 1.
1790 619 1844 688 fin.

155 705 196 758 122.
214 705 352 772 Disputat.
371 703 527 770 inaugurari.
545 703 578 755 de
593 699 714 770 privileg.
731 714 813 767 paup.
831 697 868 747 112.
884 702 926 745 21.
945 693 963 746 t.
1013 693 1042 742 212
1046 691 1077 762 f
1093 709 1118 744 c.
1137 689 1170 746 de
1177 693 1267 763 fruct.
1287 705 1313 748 et
1330 695 1371 746 lit.
1389 713 1499 760 caperes.
1517 699 1552 750 Et
1566 699 1734 770 priuilegium
1750 700 1842 757 datum

153 787 470 858 1.2.212ρ22122122211.
494 797 517 840 1.
535 782 559 857 5.
575 801 636 855 peu.
648 781 691 854 Ι
715 781 748 834 de
774 779 851 852 offic.
877 779 965 850 praef
1013 781 1061 830 uni
1082 796 1115 832 ex
1135 781 1310 850 litigantibus
1328 786 1540 838 communicatur
1558 787 1690 852 alteri,iu
1706 793 1846 858 pertiuen-

154 871 207 926 221.
223 872 241 924 1.
261 885 285 924 2.
302 867 327 942 5.
343 883 366 924 2.
378 879 404 924 21
418 867 489 938 1.Ι.
501 871 536 924 212
548 866 657 940 poenis.
670 865 759 921 ordin.
779 882 878 920 eumer.
890 873 964 933 part.
1015 865 1087 918 tibus
1105 865 1137 930 ad
1156 866 1215 918 litis
1234 866 1434 934 executionem,
1454 869 1471 919 1.
1481 867 1539 938 fin.
1558 888 1581 922 c.
1599 869 1633 924 de
1649 871 1737 940 fruct.
1757 883 1785 925 et
1802 875 1844 928 la'r.

153 955 228 1009 1111.
249 966 289 1008 12.
313 957 337 1024 §.
362 951 421 1023 uqfi
440 954 507 1010 1222
526 950 605 1006 nacla.
626 949 787 1019 Quandoque
805 946 964 1020 pauperibus
1013 966 1124 1018 capena.
1143 950 1326 1020 privilegiatus
1345 963 1430 1005 autem
1451 964 1541 1007 contra
1567 953 1767 1026 privilegiatum
1788 976 1844 1013 non

148 1041 293 1111 adjungitur
310 1057 379 1094 nnus
398 1055 577 1102 assessorum,
597 1035 637 1088 nti
655 1034 961 1102 Glogoaiee,proutte·
1014 1033 1109 1102 gaudet
1127 1035 1266 1106 privilegio
1284 1052 1346 1100 222,
1372 1038 1534 1106 praeprimis
1555 1039 1661 1108 quando
1687 1040 1840 1112 privilegia·

150 1134 247 1180 uantur
265 1125 321 1180 Die
340 1120 592 1194 hands-privilegia
610 1121 658 1174 122
682 1116 882 1188 Glugnniseden
894 1115 966 1167 Frir·
1016 1126 1057 1172 tus
1077 1119 1108 1172 de
1126 1119 1225 1174 damno
1247 1120 1352 1174 vitando
1374 1131 1466 1175 certat.
1493 1125 1549 1175 1122
1571 1123 1713 1194 opiniones
1726 1125 1764 1181 ita
1777 1143 1843 1182 rou·

148 1210 292 1264 1122112222
303 1225 333 1277 p.
347 1226 385 1260 m.
400 1220 442 1260 st.
455 1215 477 1269 §-
494 1217 533 1260 11.
547 1205 648 1259 serbis:
668 1202 740 1256 Zum
757 1199 894 1264 vierdtan,
913 1199 965 1252 den
1017 1201 1125 1268 eitiunt,
1139 1205 1209 1272 quud
1228 1219 1360 1273 expensae
1373 1205 1516 1260 1212212222
1529 1209 1614 1280 repeti
1630 1219 1748 1280 possunt,
1762 1229 1845 1282 quan-

149 1295 253 1348 elerrden
274 1309 370 1346 armen
386 1307 535 1362 perennes,
551 1285 964 1342 112222212211222222121222
1016 1285 1050 1337 do
1074 1286 1213 1341 adrocntus
1237 1289 1485 1360 expensas.enimo
1504 1293 1690 1347 remunerandi
1717 1297 1844 1351 clientem

145 1377 261 1446 1122112222
279 1376 384 1442 talen,
399 1375 484 1440 denen
496 1375 552 1427 2211
564 1393 597 1436 aa
616 1369 691 1438 1122222
712 1369 908 1440 Nntlrdiirfflen
923 1368 967 1424 er'n

148 1463 228 1524 1122222
247 1483 281 1519 su
299 1461 378 1517 221112
396 1459 455 1522 aad
472 1458 516 1512 s'lrr
533 1461 658 1516 1722122
671 1456 753 1511 reden
766 1473 817 1510 uns
828 1457 879 1510 der
888 1455 967 1510 Ban-

148 1547 308 1616 2112222122
327 1545 444 1600 werden.

177 1632 263 1686 Liberi
278 1647 342 1700 ergo
357 1637 419 1680 sunt
433 1642 579 1698 pauperes,
592 1622 728 1695 praestitis
740 1622 814 1692 prius
829 1632 964 1692 praestan·

146 1716 184 1771 dis
199 1719 232 1771 ab
248 1717 377 1770 amitibus
396 1709 566 1784 sumptibus,
585 1711 648 1779 quia
669 1707 832 1782 pauperibus
856 1710 962 1780 justitia

146 1801 219 1854 debet
230 1798 384 1852 ministrari
394 1797 492 1866 gratis,
502 1794 543 1848 nti
556 1809 590 1846 ex
603 1793 674 1846 Gaii.
690 1794 718 1845 iu
730 1803 818 1862 praet.
839 1795 897 1847 obs.
916 1794 962 1846 tit.

149 1885 237 1940 2212.
256 1895 301 1938 12.
319 1903 347 1936 n.
371 1895 412 1936 rs.
431 1880 513 1936 relect
531 1884 623 1936 scaen.
642 1879 767 1948 21212112.
787 1880 834 1946 tre.
850 1892 871 1932 t.
883 1897 907 1934 2.
921 1892 965 1932 21.

146 1988 170 2024 2.
192 1980 246 2022 111.
265 1969 434 2038 Quapropter
447 1965 521 2036 copia
534 1972 653 2018 actorum
666 1965 749 2032 gratis
762 1963 886 2017 tradenda
900 1981 963 2033 pan-

144 2051 255 2124 peribns.
269 2050 344 2106 Idem
364 2050 426 2102 ibid.
446 2066 508 2118 cup.
525 2061 585 2102 121.
596 2065 624 2098 rr.
638 2059 663 2101 2.
682 2049 753 2100 11122
767 2047 845 2099 multi
863 2057 965 2101 moreni

144 2139 265 2204 dubium,
285 2137 347 2206 quis
365 2135 457 2188 debeat
475 2133 646 2204 suppeditere
664 2142 802 2202 sumptus,
821 2149 854 2183 an
873 2127 962 2198 112222,

142 2240 173 2278 22
189 2217 377 2276 adversarius?
396 2219 551 2274 edversario
569 2217 615 2287 qui
641 2216 806 2286 attribuunt,
829 2226 966 2268 morentur

145 2315 213 2360 textu
231 2306 250 2358 1.
268 2303 449 2360 21122111212.
467 2309 488 2366 ς.
506 2303 541 2356 de
558 2296 710 2371 r'nosfiut'os·
726 2297 768 2367 Ι.
793 2299 826 2354 212
848 2296 966 2372 iunosji·

143 2390 203 2444 2122.
222 2399 332 2446 testam.
351 2389 369 2442 1.
390 2400 414 2444 2.
432 2406 455 2442 e.
475 2388 507 2442 de
531 2385 647 2441 carbon·
670 2385 749 2440 221121.
772 2385 791 2436 t.
805 2381 866 2452 fin.
885 2401 907 2438 2.
933 2385 966 2438 de

142 2474 228 2532 ordin·
239 2474 344 2546 ruguit.
357 2473 404 2527 ubi
416 2473 507 2526 Gloss.
521 2478 612 2536 notat,
625 2468 712 2542 quod,
729 2468 754 2548 si
773 2468 896 2522 subditus
908 2478 967 2538 agat

142 2572 228 2616 eontra
247 2561 415 2632 praelatum,
435 2557 469 2612 ab
486 2575 517 2611 eo
535 2554 700 2620 (1212221211,
719 2563 747 2607 21
765 2553 809 2606 1212
821 2553 965 2626 adstipula-

143 2642 459 2716 1221222112222211.
480 2651 542 2696 211.
566 2637 648 2708 incip.
671 2637 738 2708 prtia
758 2654 842 2688 ornae
865 2635 917 2690 221.
943 2646 966 2688 1.

142 2748 163 2786 2.
182 2741 239 2784 tot.
255 2739 371 2800 praeter
387 2745 421 2782 eu
433 2724 492 2797 quis
511 2733 625 2778 tenetur.
645 2721 690 2773 nbi
709 2721 760 2784 ait,
774 2717 842 2790 quod
855 2719 914 2787 quis
929 2729 966 2771 te·

143 2823 231 2868 222122
250 2813 405 2868 adversario
424 2811 581 2864 ministrare
600 2823 729 2876 expensas
748 2822 823 2856 causa
844 2805 966 2876 inopiae,

142 2897 208 2969 quud
228 2899 354 2968 sequitur
374 2897 450 2950 Paris
468 2895 501 2947 de
521 2895 603 2946 Puteo
623 2891 652 2942 iu
672 2899 751 2944 12221.
771 2891 803 2942 de
821 2891 924 2962 syndie.
938 2891 966 2944 in

142 2985 214 3038 verli.
233 3001 381 3052 expensae.
401 2992 428 3036 et
448 2980 533 3034 tenuit
550 2977 660 3030 Oldrad.
673 2977 701 3030 in
721 2977 966 3033 concitantem.

142 3067 164 3120 ei
185 3067 336 3121 tribuentes
356 3068 483 3118 nituntur
500 3065 518 3115 1.
536 3062 722 3130 imperatores.
730 3059 774 3130 Ι.
794 3062 826 3116 de
845 3063 923 3119 12121.
944 3074 969 3116 21

143 3151 364 3206 2211222.211212.21
378 3146 540 3220 respondent
549 3148 581 3200 ad
590 3157 676 3200 textus
687 3147 819 3215 allegatos,
829 3147 896 3218 quod
909 3167 970 3218 gau·

142 3231 217 3286 12221
227 3233 404 3305 specialitate.
417 3233 471 3302 Ego
485 3231 553 3284 hanc
566 3229 634 3285 lucio
648 3231 772 3300 regulam:
786 3231 971 3301 quandoactor

142 3335 236 3389 pauper
254 3318 349 3388 litigat
367 3335 447 3388 snper
466 3317 555 3382 bouis,
572 3334 639 3387 quae
658 3315 813 3387 praetendit
826 3334 883 3370 esse
896 3335 971 3371 com·

142 3405 230 3456 munia
248 3405 292 3458 rel
312 3391 344 3455 ad
363 3419 391 3455 se
409 3403 564 3473 pertinere,
581 3413 607 3455 et
625 3401 706 3453 habet
723 3401 840 3471 aliquam
859 3417 910 3471 pro
934 3405 973 3471 ju-

142 3506 168 3541 re
179 3506 225 3541 222
239 3488 493 3559 praesumptionem,
509 3487 547 3540 rel
560 3485 659 3554 egilde
671 3485 818 3548 elimentis,
839 3495 901 3538 tunc
914 3501 973 3538 reus

143 3581 241 3626 tenetur
261 3583 399 3644 praestare
417 3587 547 3640 expensas
565 3570 640 3632 litis,
658 3569 725 3622 alias
739 3568 819 3640 judex
834 3569 866 3622 de
879 3571 971 3640 publi-

142 3674 169 3712 uu
188 3658 235 3712 1222
256 3655 344 3709 lacere
364 3664 481 3720 tenetur,
500 3672 547 3726 per
563 3656 600 3724 gt.
619 3655 646 3707 r'n
666 3655 686 3706 1.
704 3665 723 3707 1.
736 3652 761 3726 §-
777 3659 901 3710 Praetor
918 3655 969 3708 211.

140 3741 168 3793 ria
186 3736 568 3808 22212222212121221Ι.
588 3739 620 3792 12
635 3739 812 3810 postulando,
827 3741 971 3792 Hartman.

143 3825 237 3880 Pistor.
258 3825 306 3879 tlt.
328 3838 349 3880 1.
369 3845 411 3895 qn.
434 3837 474 3878 2ο.
494 3827 563 3877 Mer.
582 3841 609 3890 p.
631 3823 747 3877 2212212.
764 3835 825 3876 121.
839 3824 970 3894 Carpanr.

142 3935 165 3978 tr.
185 3929 211 3970 1.
232 3914 317 3970 decis·
339 3923 399 3965 212.
419 3932 446 3967 n.
468 3924 510 3966 22.
530 3911 673 3963 Corarrur.
686 3919 774 3978 prect-
788 3919 893 3979 quaest.
912 3927 971 3977 cap.

146 4011 168 4050 1.
188 4019 215 4054 n.
237 4013 263 4054 s.
285 3999 378 4069 Qualis
397 4015 458 4051 sero
478 3997 524 4049 illa
544 3993 728 4066 praesumptio
746 3981 927 4057 ease'uebear,
943 3995 970 4044 in

144 4101 192 4152 qua
212 4099 316 4156 pauper
333 4094 408 4135 22122
426 4098 555 4152 expensas
574 4079 665 4132 111122
685 4093 729 4129 reo
748 4087 842 4148 petens
862 4093 890 4129 se
909 4076 970 4129 122-

144 4169 196 4234 rlat,
215 4171 250 4223 de
268 4187 301 4224 eo
321 4165 375 4222 sid.
392 4167 518 4220 ltlenuch.
532 4165 567 4217 212
576 4171 744 4236 praesumpt.
758 4161 777 4213 t.
794 4171 815 4213 t.
828 4179 853 4232 q.
870 4164 970 4215 21211·

142 4255 202 4306 2121.
223 4253 258 4307 de
277 4259 446 4323 praerumpit.
464 4267 518 4321 reg.
541 4262 566 4302 1.
584 4263 676 4319 praes.
697 4258 721 4299 2.
740 4263 769 4298 rr.
789 4256 830 4298 tt.

176 4337 293 4410 Quando
311 4353 411 4406 pauper
428 4351 534 4388 carrsam
554 4331 689 4395 obtinuit,
703 4339 745 4383 aut
757 4329 789 4381 ed
803 4331 975 4401 pinguiorem

143 4421 280 4478 fortunam
289 4421 418 4492 peruenit,
437 4431 498 4471 tnnc
512 4417 638 4469 advocato
652 4414 830 4485 promeritum
845 4415 972 4468 salarium

142 4519 279 4575 praestare
300 4515 328 4558 21
353 4511 474 4572 sumptus
499 4501 661 4552 necessarios
687 4496 833 4551 refundere
859 4507 974 4552 tenetur.

143 4591 224 4646 Carisa
244 4588 430 4644 immunitatis
449 4586 522 4639 enim
535 4596 669 4650 cessante,
683 4582 800 4653 quiescit
810 4585 868 4656 ipse
883 4583 974 4654 dispo·

143 4675 223 4740 sitio,
245 4678 264 4728 l.
286 4686 309 4728 2.
329 4671 353 4744 5.
373 4683 395 4726 2.
405 4669 447 4740 Ι.
465 4672 499 4725 de
513 4670 579 4741 jure
595 4678 736 4738 patronas.
750 4679 869 4722 cessante
883 4667 974 4740 itaque

144 4771 297 4833 paupertate
310 4769 394 4813 cessat
406 4767 433 4811 et
445 4755 633 4826 privilegium,
648 4753 719 4807 unde
733 4763 760 4806 et
772 4752 832 4822 ipsc
844 4754 975 4819 jurameu-

145 4855 171 4898 to
189 4845 356 4916 paupertatis
370 4842 434 4896 12222
446 4840 561 4893 clausula
574 4836 657 4890 inseri
670 4838 749 4902 solet,
767 4852 809 4899 se,
829 4837 853 4889 si
866 4838 899 4890 ad
914 4838 974 4907 pin·

143 4931 265 4996 guiorem
286 4925 420 4979 fortunam
440 4921 608 4994 pervenerit,
628 4929 747 4991 sumptus
761 4919 956 4974 restituturum.

179 5013 338 5086 Quaeritur,
364 5027 428 5064 num
455 5007 495 5071 is,
519 5005 566 5075 qui
591 5001 682 5057 12212211
706 5003 858 5057 advocatum
876 5004 973 5073 gratis,

143 5097 250 5168 quando
268 5093 406 5148 victoriam
426 5088 581 5162 reportarit,
597 5098 625 5140 et
638 5103 699 5158 pars
712 5086 819 5140 adressa
832 5087 862 5138 in
875 5105 972 5158 expen-

144 5199 185 5234 sns
198 5179 390 5239 condemnata,
402 5179 489 5248 possit
501 5175 532 5225 ab
545 5171 696 5226 aduersario
707 5185 863 5242 recuperare
874 5189 972 5243 expen-

146 5282 187 5317 sas
206 5283 258 5334 pro
270 5259 409 5324 aduocato,
422 5275 500 5328 quern
513 5255 595 5326 gratis
607 5255 712 5320 12212211,
728 5265 755 5308 21
765 5271 829 5326 quas
842 5272 903 5310 rere
918 5274 972 5311 non

146 5347 242 5402 soluit?
263 5343 460 5400 difirmatiram
481 5343 568 5395 tenuit
585 5341 668 5396 Jacob
688 5339 721 5393 ab
739 5351 805 5394 2221.
831 5341 860 5393 12
886 5351 921 5394 22.
940 5343 974 5398 ele

144 5447 255 5502 experts.
267 5449 296 5485 rr.
312 5441 354 5482 22.
369 5439 395 5482 21
405 5445 461 5500 seq.
474 5427 503 5480 r'n
517 5442 588 5483 vers.
600 5425 765 5496 2219212121
781 5425 889 5480 lrabeat.
904 5429 973 5480 umi-

145 5536 223 5584 eam,
243 5515 306 5593 qnia
326 5515 425 5582 12,221
443 5512 580 5567 advocatus
599 5511 705 5566 remisit
721 5527 852 5582 expensas
869 5521 898 5565 et
914 5529 972 5580 gra·

147 5603 182 5654 tia
193 5602 378 5674 patrocinatus
396 5607 451 5663 est,
472 5598 627 5652 naturaliter
641 5599 664 5651 ei
677 5596 811 5666 obligatus
823 5609 864 5652 est
876 5597 910 5650 sd
922 5616 956 5654 au

147 5687 248 5752 sidon,
266 5690 285 5742 1.
303 5687 395 5744 222121
413 5683 438 5738 21
456 5681 522 5757 lege.
543 5693 585 5737 21.
603 5685 625 5751 §.
645 5681 794 5737 consuluit.
818 5691 859 5735 12.
871 5679 911 5762 Ι.
939 5684 972 5740 de

1016 1388 1092 1424 suum
1112 1391 1160 1441 pro
1178 1371 1268 1441 aliquo
1287 1373 1398 1443 speciali
1417 1372 1549 1429 beneficio
1561 1375 1593 1429 ab
1607 1393 1637 1429 eo
1651 1377 1727 1447 prius
1741 1391 1845 1450 recepto

1017 1455 1139 1522 reruisit;
1160 1472 1234 1510 secus
1255 1457 1278 1510 si
1299 1459 1405 1512 remisit
1424 1459 1560 1513 advocatus
1579 1459 1741 1530 simpliciter
1754 1464 1843 1514 auimo

1015 1539 1144 1605 donandi,
1157 1548 1218 1594 tune
1233 1542 1355 1611 repetitio
1374 1561 1387 1594 a
1407 1555 1481 1613 parte
1494 1545 1604 1600 adressa
1617 1545 1774 1600 omnimodo
1788 1565 1844 1602 ces·

1000 1649 1001 1654 ¹
1015 1633 1069 1687 sat,
1090 1624 1267 1678 1122122221.
1282 1635 1360 1680 tract.
1373 1625 1408 1679 de
1419 1627 1538 1699 privileg.
1551 1638 1680 1699 paupert.
1694 1641 1800 1700 quaest.
1814 1641 1840 1684 ,1.

1014 1725 1041 1758 n.
1062 1717 1102 1760 2ο.
1124 1710 1181 1761 1122
1193 1721 1311 1778 certum,
1331 1711 1355 1762 si
1374 1729 1407 1764 ex
1420 1713 1530 1784 publico
1544 1713 1656 1768 interim
1671 1715 1729 1768 litis
1742 1731 1843 1786 espes-

1013 1808 1056 1845 222
1074 1792 1175 1864 puriter
1193 1811 1222 1846 22
1235 1795 1406 1852 honorarium
1421 1798 1606 1854 aduocatorum
1622 1800 1843 1871 suppeditentur,

1015 1875 1113 1930 rictum
1131 1877 1163 1928 ad
1183 1880 1230 1932 hus
1250 1879 1384 1952 impensas
1403 1883 1510 1952 publico
1528 1883 1704 1939 restituendas
1718 1883 1843 1956 obligari.

1014 1957 1054 2009 lt
1072 1961 1143 2029 quod
1161 1962 1233 2014 enim
1253 1963 1339 2016 212122
1358 1965 1453 2020 2121221
1472 1967 1615 2036 obligatur,
1634 1967 1667 2020 ad
1685 1968 1756 2020 idem
1775 1985 1842 2040 qua·

1013 2059 1065 2112 que
1085 2042 1218 2113 obligatur
1237 2047 1320 2100 rictus
1340 2049 1391 2113 1111,
1411 2049 1457 2120 qui
1478 2049 1571 2106 rictori
1591 2052 1704 2106 iuterim
1722 2067 1842 2108 necessr-

1013 2129 1056 2180 212
1074 2139 1196 2199 strntptus
1215 2133 1406 2203 suppeditavit.

1051 2212 1092 2266 An
1109 2224 1197 2267 auteur
1210 2229 1280 2270 actor
1299 2235 1399 2289 pauper
1413 2231 1519 2290 propter
1532 2233 1652 2293 sumptus
1666 2225 1842 2280 restituendos

1013 2299 1161 2358 ceptionem
1181 2312 1313 2369 praestare
1331 2311 1467 2370 teneatur,
1487 2303 1667 2374 disquiritur?
1685 2306 1841 2378 Negatiram

1015 2379 1107 2432 multis
1119 2381 1243 2434 defendit
1261 2385 1383 2438 Menoch.
1403 2384 1449 2441 lib.
1472 2398 1493 2439 1.
1510 2401 1675 2460 praerumpit.
1697 2402 1739 2444 22.
1754 2410 1782 2444 rr.
1800 2403 1842 2444 21.

1015 2480 1080 2518 222-2.
1099 2464 1169 2520 illud
1183 2485 1290 2540 quaerre
1303 2469 1483 2527 omittendum
1499 2491 1557 2528 non
1570 2485 1618 2528 221.
1633 2492 1658 2528 n.
1675 2487 1717 2528 12.
1730 2483 1757 2529 21
1770 2491 1842 2545 seqq.

1016 2566 1100 2622 usqne
1111 2548 1210 2621 odfin.
1224 2551 1352 2607 Videntur
1364 2555 1480 2609 Berlicb.
1492 2560 1613 2615 22222122.
1618 2560 1843 2629 praeeteatmon.

1020 2649 1041 2686 t.
1059 2637 1147 2689 conci.
1167 2647 1191 2688 1.
1210 2655 1236 2688 n.
1259 2649 1300 2692 21.
1319 2655 1394 2712 seqq.
1413 2642 1458 2693 ubi
1478 2643 1507 2694 in
1527 2661 1654 2714 supremo
1671 2645 1772 2714 judicio
1791 2664 1840 2716 ap·

1016 2722 1171 2790 pellationis
1191 2721 1329 2777 dresdensi
1343 2728 1371 2776 in
1384 2741 1460 2779 consa
1477 2729 1582 2798 George
1594 2745 1652 2782 uon
1666 2729 1787 2784 Haudita
1797 2729 1843 2782 der

1017 2807 1116 2858 Eltern
1134 2807 1163 2858 121
1183 2809 1250 2860 netis
1268 2807 1420 2862 deuundter
1435 2811 1602 2882 Glaertbr'ger
1620 2831 1658 2865 un
1677 2813 1843 2879 2122222122-

1016 2911 1064 2946 sen
1084 2893 1268 2948 11122122221
1289 2897 1468 2954 Vormunden
1487 2899 1629 2968 bel-lagren
1648 2900 1750 2954 endere
1767 2901 1847 2955 tleila

1019 2992 1043 3032 2.
1060 2979 1125 3030 Dec.
1139 2995 1214 3032 221222
1233 2981 1390 3034 1212112222
1409 2982 1438 3034 in
1458 2999 1534 3036 cansa
1553 2985 1740 3040 1122222221
1758 2985 1844 3038 Hein-

1019 3064 1091 3114 rr'clrs
1104 3081 1155 3116 ron
1172 3060 1308 3116 1121122112
1322 3065 1705 3136 1112232222212221122222
1718 3065 1843 3128 Beblron,

1020 3147 1128 3200 aredern
1144 3147 1221 3198 1122112
1244 3161 1285 3204 22.
1309 3169 1370 3203 noir.
1395 3170 1471 3206 anno
1499 3163 1577 3206 1122.
1602 3163 1629 3208 21
1654 3163 1696 3206 22.
1720 3169 1782 3222 ung.
1797 3171 1846 3205 arr·

1021 3251 1057 3286 no
1074 3243 1153 3287 1211.
1169 3236 1268 3306 absque
1286 3237 1339 3290 ulla
1357 3237 1481 3290 cautione
1499 3237 1532 3292 de
1550 3236 1714 3292 restituendo
1728 3240 1845 3308 ejusmo-

1022 3313 1049 3366 di
1069 3327 1191 3386 sumptus
1209 3319 1374 3388 adjudicatos
1393 3321 1497 3390 probat.

1058 3399 1172 3454 Ratione
1189 3402 1299 3458 effeetus
1315 3405 1459 3474 juramenti
1479 3405 1640 3476 paupertatis
1657 3404 1796 3474 quaeritur
1814 3423 1841 3460 e·

1022 3487 1102 3551 11222,
1117 3504 1180 3538 num
1194 3499 1268 3541 uctor
1283 3504 1397 3559 pauper,
1410 3490 1457 3560 qui
1476 3493 1529 3558 jam
1552 3489 1691 3560 praestitit
1707 3490 1842 3559 juramen·

1024 3581 1079 3622 tum
1098 3572 1284 3640 paupertatis,
1302 3572 1454 3626 cautionem
1474 3590 1524 3643 pro
1544 3571 1752 3626 reconventione
1764 3581 1790 3626 et
1803 3589 1848 3626 es·

1023 3656 1113 3725 pensis
1125 3665 1259 3726 praestare
1275 3653 1413 3709 teneatur?
1426 3658 1506 3725 llesp.
1517 3655 1587 3726 quod
1600 3656 1651 3710 sie.
1662 3659 1845 3710 duramentum

1021 3741 1094 3792 enim
1113 3741 1282 3812 paupertatis
1301 3759 1354 3792 non
1372 3749 1503 3810 operatur
1521 3741 1711 3796 remissionem
1730 3739 1846 3793 satisda-

1024 3824 1107 3878 tiouis
1124 3827 1276 3894 juratoriae.
1297 3825 1389 3879 Cautio
1408 3835 1495 3879 tamen
1514 3825 1563 3879 ista
1583 3825 1622 3878 ita
1640 3833 1846 3894 attemperatur,

1024 3922 1053 3964 ut
1070 3923 1161 3977 actor,
1181 3913 1243 3984 quia
1267 3911 1322 3982 ipsi
1349 3911 1420 3966 reia
1441 3921 1516 3984 partu
1530 3911 1649 3970 iadrersa
1667 3911 1707 3965 rel
1725 3930 1740 3963 2
1758 3909 1846 3978 judice

1023 3995 1081 4064 ipso
1100 4007 1220 4067 sumptus
1238 3994 1271 4050 ad
1290 3995 1451 4060 litigandum
1473 3995 1724 4060 subministrantur,
1735 3993 1845 4048 nonnisi

1025 4081 1058 4132 de
1076 4073 1169 4136 stando
1188 4101 1219 4134 22
1238 4081 1426 4153 respondendo
1450 4081 1480 4136 in
1505 4081 1606 4151 judicic
1631 4079 1845 4135 reconventionis

1023 4167 1109 4234 jurato
1127 4183 1219 4221 carere
1241 4174 1377 4230 teneatur,
1399 4165 1501 4218 omisso
1519 4173 1672 4237 sumptuum
1694 4162 1844 4234 promissio:

1024 4253 1064 4302 Er
1079 4247 1183 4317 darqff
1196 4267 1251 4303 nur
1265 4247 1310 4303 die
1325 4248 1483 4320 gesorderte
1500 4251 1614 4306 cantion
1635 4248 1720 4301 aller'n
1736 4264 1788 4318 pru
1803 4265 1844 4300 re·

1022 4337 1205 4388 conuentione
1222 4336 1272 4386 2211
1290 4337 1390 4388 serrem
1403 4332 1481 4404 Eyde
1494 4335 1638 4400 1221211222,
1652 4332 1776 4403 Carpant.
1787 4348 1849 4402 pro·

1023 4435 1089 4471 2222.
1098 4419 1154 4488 jur.
1169 4419 1211 4470 111.
1226 4428 1250 4468 2.
1264 4427 1318 4472 222.
1333 4431 1358 4470 2.
1373 4437 1402 4471 rr.
1418 4429 1461 4470 22.
1474 4434 1546 4488 seqq.

1060 4503 1113 4558 Sed
1131 4502 1198 4573 quid
1217 4505 1240 4555 si
1259 4519 1359 4573 pauper
1377 4501 1473 4556 1212212
1492 4497 1569 4554 litem
1589 4500 1752 4570 susceperit,
1767 4508 1846 4552 2122-

1023 4597 1134 4656 propter
1152 4586 1181 4638 in
1200 4602 1329 4657 expensas
1356 4585 1574 4638 condemnandus
1599 4584 1708 4648 reniet,
1727 4601 1760 4636 an
1786 4583 1847 4654 quia

1024 4687 1123 4740 pauper
1141 4682 1166 4724 et
1182 4670 1291 4734 inanis,
1310 4680 1402 4724 eontra
1426 4671 1516 4740 ipsum
1535 4669 1569 4722 ad
1589 4668 1781 4739 recuperandas
1797 4685 1845 4721 ex-

1022 4771 1119 4824 pensas
1138 4755 1210 4808 actio
1228 4755 1389 4808 temerariae
1401 4753 1460 4808 litis
1473 4753 1559 4806 nullas
1572 4753 1718 4806 sustinebit
1731 4749 1848 4823 poenas?

1023 4840 1105 4912 Resp.
1123 4851 1189 4910 puto
1207 4840 1297 4912 ipsum
1316 4840 1346 4891 in
1365 4855 1496 4910 expensas
1514 4837 1763 4904 condemnandum,
1781 4843 1847 4896 etsi

1023 4941 1077 4977 non
1099 4925 1193 4980 habeat
1210 4925 1281 4980 unde
1299 4923 1441 4992 retundat,
1452 4933 1558 4978 carcere
1576 4926 1617 4979 rel
1634 4925 1712 4980 aliter
1723 4924 1758 4978 ob
1775 4925 1849 4982 litem

1023 5008 1120 5062 1212212
1138 5017 1237 5062 motam
1256 5009 1421 5080 puniendum
1440 5025 1513 5072 esser
1533 5008 1678 5062 nonenim
1705 5017 1780 5064 estra
1800 5011 1848 5064 de·

1022 5093 1116 5148 lictum
1135 5093 1186 5148 hoc
1204 5110 1266 5148 casu
1283 5102 1346 5159 est,
1363 5093 1411 5148 nbi
1428 5094 1476 5164 qui
1494 5111 1547 5148 222
1568 5093 1647 5148 1221221
1664 5097 1693 5146 12
1712 5110 1783 5160 2222,
1796 5095 1850 5151 1221

1023 5177 1051 5228 12
1078 5193 1202 5248 corpore:
1227 5177 1325 5247 alioqui
1354 5194 1433 5230 nemo
1450 5177 1478 5230 in
1497 5193 1642 5249 pauperum
1660 5175 1753 5230 litibus
1771 5188 1850 5232 12222-

1022 5263 1103 5317 rariis
1121 5261 1191 5318 12221
1208 5262 1348 5318 immunis·
1368 5262 1422 5315 rid.
1441 5260 1502 5316 2221.
1518 5280 1590 5318 uam.
1606 5281 1636 5333 p.
1658 5271 1680 5312 1.
1699 5263 1740 5314 111.
1761 5271 1803 5314 tt.
1823 5259 1847 5332 5.

1023 5362 1048 5400 s.
1073 5357 1096 5400 1.
1111 5346 1170 5402 ord.
1188 5363 1244 5402 cnr.
1263 5347 1322 5418 laps.
1340 5345 1367 5398 d.
1385 5349 1578 5401 antetatis.
1595 5347 1659 5400 Vera
1673 5343 1725 5400 den
1739 5361 1847 5400 ermen.

1021 5433 1135 5484 Martini
1147 5430 1186 5488 ud
1193 5447 1268 5502 prae.
1279 5435 1388 5486 Sanun·
1401 5432 1444 5481 111.
1458 5425 1534 5501 125.
1552 5441 1575 5483 1.
1588 5427 1678 5500 infin.

1057 5517 1176 5570 Habebit
1188 5534 1249 5570 rero
1262 5513 1386 5569 effectum
1400 5531 1477 5568 sunm
1491 5513 1652 5586 paupertatis
1669 5515 1846 5581 juramentum
1886 5531 1899 5570 2

1022 5616 1074 5651 non
1092 5607 1194 5652 tuntum
1209 5598 1238 5650 in
1251 5597 1355 5670 prima,
1370 5595 1416 5650 221
1429 5606 1457 5650 21
1469 5595 1581 5652 2222212
1595 5595 1733 5652 instantia.
1748 5599 1846 5667 Quam·

1021 5685 1060 5738 sis
1079 5685 1153 5738 euim
1173 5699 1221 5756 per
1241 5683 1402 5736 sententiam
1421 5677 1486 5734 11212
1505 5683 1658 5753 imponatur
1670 5682 1715 5736 1111
1722 5720 1731 5750 ,
1745 5683 1763 5735 1.
1780 5679 1845 5752 effi
