<?xml version="1.0" encoding="UTF-8"?>
<!DOCTYPE html PUBLIC "-//W3C//DTD XHTML 1.0 Transitional//EN"
    "http://www.w3.org/TR/xhtml1/DTD/xhtml1-transitional.dtd">
<html xmlns="http://www.w3.org/1999/xhtml" xml:lang="en" lang="en">
 <head>
  <title>
</title>
<meta http-equiv="Content-Type" content="text/html;charset=utf-8" />
  <meta name='ocr-system' content='tesseract 3.04.00' />
  <meta name='ocr-capabilities' content='ocr_page ocr_carea ocr_par ocr_line ocrx_word'/>
</head>
<body>
  <div class='ocr_page' id='page_1' title='image "./samuelisstrykii08schogoog_0217.png"; bbox 0 0 4442 6308; ppageno 0'>
   <div class='ocr_carea' id='block_1_1' title="bbox 211 235 1778 318">
    <p class='ocr_par' dir='ltr' id='par_1_1' title="bbox 211 235 1778 318">
     <span class='ocr_line' id='line_1_1' title="bbox 211 235 1778 318; baseline -0.004 -16"><span class='ocrx_word' id='word_1_1' title='bbox 211 252 259 318; x_wconf 66' lang='lat' dir='ltr'>dut</span> <span class='ocrx_word' id='word_1_2' title='bbox 688 245 737 300; x_wconf 72' lang='lat' dir='ltr'>titt</span> <span class='ocrx_word' id='word_1_3' title='bbox 756 239 932 300; x_wconf 70' lang='lat' dir='ltr'>nannetis</span> <span class='ocrx_word' id='word_1_4' title='bbox 951 238 1054 295; x_wconf 78' lang='lat' dir='ltr'>iUiilS</span> <span class='ocrx_word' id='word_1_5' title='bbox 1073 235 1216 303; x_wconf 71' lang='lat' dir='ltr'>nullm</span> <span class='ocrx_word' id='word_1_6' title='bbox 1236 251 1297 296; x_wconf 76' lang='lat' dir='ltr'>arc.</span> <span class='ocrx_word' id='word_1_7' title='bbox 1725 241 1778 308; x_wconf 74' lang='lat' dir='ltr'>dni</span> 
     </span>
    </p>
   </div>
   <div class='ocr_carea' id='block_1_2' title="bbox 147 329 1905 2774">
    <p class='ocr_par' dir='ltr' id='par_1_2' title="bbox 147 329 1905 2774">
     <span class='ocr_line' id='line_1_2' title="bbox 164 329 1905 412; baseline -0.004 -8"><span class='ocrx_word' id='word_1_8' title='bbox 164 347 254 404; x_wconf 82' lang='lat' dir='ltr'>ulmeis</span> <span class='ocrx_word' id='word_1_9' title='bbox 268 351 296 402; x_wconf 87' lang='lat' dir='ltr'>st</span> <span class='ocrx_word' id='word_1_10' title='bbox 312 341 434 411; x_wconf 57' lang='lat' dir='ltr'>annariae,</span> <span class='ocrx_word' id='word_1_11' title='bbox 448 341 556 398; x_wconf 89' lang='lat' dir='ltr'>durnino</span> <span class='ocrx_word' id='word_1_12' title='bbox 572 343 614 398; x_wconf 88' lang='lat' dir='ltr'>vel</span> <span class='ocrx_word' id='word_1_13' title='bbox 631 339 734 412; x_wconf 69' lang='lat' dir='ltr'>agnatis</span> <span class='ocrx_word' id='word_1_14' title='bbox 753 345 844 392; x_wconf 85' lang='lat' dir='ltr'>contra</span> <span class='ocrx_word' id='word_1_15' title='bbox 861 334 967 390; x_wconf 87' lang='lat' dir='ltr'>viduam</span> <span class='ocrx_word' id='word_1_16' title='bbox 1058 334 1177 403; x_wconf 71' lang='lat' dir='ltr'>Alterum</span> <span class='ocrx_word' id='word_1_17' title='bbox 1195 335 1342 390; x_wconf 67' lang='lat' dir='ltr'>nuntium</span> <span class='ocrx_word' id='word_1_18' title='bbox 1363 346 1401 392; x_wconf 85' lang='lat' dir='ltr'>ert</span> <span class='ocrx_word' id='word_1_19' title='bbox 1417 329 1575 396; x_wconf 87' lang='lat' dir='ltr'>interdictio</span> <span class='ocrx_word' id='word_1_20' title='bbox 1592 340 1836 400; x_wconf 85' lang='lat' dir='ltr'>administrationis</span> <span class='ocrx_word' id='word_1_21' title='bbox 1877 349 1905 394; x_wconf 83' lang='lat' dir='ltr'>tt</span> 
     </span>
     <span class='ocr_line' id='line_1_3' title="bbox 163 419 1841 500; baseline -0.001 -16"><span class='ocrx_word' id='word_1_22' title='bbox 163 431 271 488; x_wconf 86' lang='lat' dir='ltr'>dotalitio</span> <span class='ocrx_word' id='word_1_23' title='bbox 289 429 458 494; x_wconf 88' lang='lat' dir='ltr'>abutentem,</span> <span class='ocrx_word' id='word_1_24' title='bbox 478 428 518 482; x_wconf 90' lang='lat' dir='ltr'>rei</span> <span class='ocrx_word' id='word_1_25' title='bbox 536 425 745 480; x_wconf 71' lang='lat' dir='ltr'>vindicationem</span> <span class='ocrx_word' id='word_1_26' title='bbox 769 419 968 474; x_wconf 82' lang='lat' dir='ltr'>concedendam</span> <span class='ocrx_word' id='word_1_27' title='bbox 1021 434 1110 472; x_wconf 89' lang='lat' dir='ltr'>rerum</span> <span class='ocrx_word' id='word_1_28' title='bbox 1131 435 1251 486; x_wconf 83' lang='lat' dir='ltr'>arrarum,</span> <span class='ocrx_word' id='word_1_29' title='bbox 1277 437 1356 490; x_wconf 86' lang='lat' dir='ltr'>quam</span> <span class='ocrx_word' id='word_1_30' title='bbox 1381 421 1498 494; x_wconf 76' lang='lat' dir='ltr'>irrogare</span> <span class='ocrx_word' id='word_1_31' title='bbox 1522 427 1609 480; x_wconf 82' lang='lat' dir='ltr'>solent</span> <span class='ocrx_word' id='word_1_32' title='bbox 1635 427 1775 498; x_wconf 72' lang='lat' dir='ltr'>prodigis,</span> <span class='ocrx_word' id='word_1_33' title='bbox 1793 428 1841 500; x_wconf 84' lang='lat' dir='ltr'>qui</span> 
     </span>
     <span class='ocr_line' id='line_1_4' title="bbox 162 499 1839 588; baseline 0.001 -24"><span class='ocrx_word' id='word_1_34' title='bbox 162 527 234 588; x_wconf 82' lang='lat' dir='ltr'>putn;</span> <span class='ocrx_word' id='word_1_35' title='bbox 251 515 312 586; x_wconf 84' lang='lat' dir='ltr'>quis</span> <span class='ocrx_word' id='word_1_36' title='bbox 332 512 361 565; x_wconf 89' lang='lat' dir='ltr'>bi</span> <span class='ocrx_word' id='word_1_37' title='bbox 380 511 449 565; x_wconf 85' lang='lat' dir='ltr'>iacto</span> <span class='ocrx_word' id='word_1_38' title='bbox 467 529 515 564; x_wconf 90' lang='lat' dir='ltr'>suo</span> <span class='ocrx_word' id='word_1_39' title='bbox 533 507 750 566; x_wconf 85' lang='lat' dir='ltr'>deteriorutionir</span> <span class='ocrx_word' id='word_1_40' title='bbox 768 505 811 560; x_wconf 89' lang='lat' dir='ltr'>rel</span> <span class='ocrx_word' id='word_1_41' title='bbox 830 503 970 557; x_wconf 85' lang='lat' dir='ltr'>alienatio·</span> <span class='ocrx_word' id='word_1_42' title='bbox 1022 517 1108 570; x_wconf 86' lang='lat' dir='ltr'>neque</span> <span class='ocrx_word' id='word_1_43' title='bbox 1127 509 1230 572; x_wconf 86' lang='lat' dir='ltr'>tempus</span> <span class='ocrx_word' id='word_1_44' title='bbox 1251 519 1336 574; x_wconf 88' lang='lat' dir='ltr'>neque</span> <span class='ocrx_word' id='word_1_45' title='bbox 1353 499 1437 558; x_wconf 83' lang='lat' dir='ltr'>linem</span> <span class='ocrx_word' id='word_1_46' title='bbox 1463 523 1639 580; x_wconf 79' lang='lat' dir='ltr'>expensarum</span> <span class='ocrx_word' id='word_1_47' title='bbox 1659 509 1772 578; x_wconf 82' lang='lat' dir='ltr'>habant,</span> <span class='ocrx_word' id='word_1_48' title='bbox 1793 510 1839 566; x_wconf 83' lang='lat' dir='ltr'>red</span> 
     </span>
     <span class='ocr_line' id='line_1_5' title="bbox 160 585 1836 666; baseline -0.002 -14"><span class='ocrx_word' id='word_1_49' title='bbox 160 602 198 652; x_wconf 85' lang='lat' dir='ltr'>nis</span> <span class='ocrx_word' id='word_1_50' title='bbox 215 615 315 652; x_wconf 81' lang='lat' dir='ltr'>musam</span> <span class='ocrx_word' id='word_1_51' title='bbox 335 597 493 652; x_wconf 85' lang='lat' dir='ltr'>detentionis</span> <span class='ocrx_word' id='word_1_52' title='bbox 512 613 572 650; x_wconf 85' lang='lat' dir='ltr'>suae</span> <span class='ocrx_word' id='word_1_53' title='bbox 595 611 692 664; x_wconf 77' lang='lat' dir='ltr'>negare</span> <span class='ocrx_word' id='word_1_54' title='bbox 715 602 742 646; x_wconf 89' lang='lat' dir='ltr'>et</span> <span class='ocrx_word' id='word_1_55' title='bbox 761 589 913 643; x_wconf 87' lang='lat' dir='ltr'>dominium</span> <span class='ocrx_word' id='word_1_56' title='bbox 932 587 969 638; x_wconf 84' lang='lat' dir='ltr'>al·</span> <span class='ocrx_word' id='word_1_57' title='bbox 1023 585 1092 640; x_wconf 87' lang='lat' dir='ltr'>bona</span> <span class='ocrx_word' id='word_1_58' title='bbox 1111 602 1157 640; x_wconf 88' lang='lat' dir='ltr'>sua</span> <span class='ocrx_word' id='word_1_59' title='bbox 1175 586 1346 642; x_wconf 87' lang='lat' dir='ltr'>dilacerando</span> <span class='ocrx_word' id='word_1_60' title='bbox 1356 598 1384 643; x_wconf 90' lang='lat' dir='ltr'>et</span> <span class='ocrx_word' id='word_1_61' title='bbox 1401 587 1557 662; x_wconf 79' lang='lat' dir='ltr'>dissipando</span> <span class='ocrx_word' id='word_1_62' title='bbox 1576 593 1759 666; x_wconf 75' lang='lat' dir='ltr'>profundunt,</span> <span class='ocrx_word' id='word_1_63' title='bbox 1771 613 1836 650; x_wconf 89' lang='lat' dir='ltr'>uon·</span> 
     </span>
     <span class='ocr_line' id='line_1_6' title="bbox 161 671 1838 750; baseline -0.002 -15"><span class='ocrx_word' id='word_1_64' title='bbox 161 683 236 736; x_wconf 83' lang='lat' dir='ltr'>terius</span> <span class='ocrx_word' id='word_1_65' title='bbox 246 681 422 736; x_wconf 88' lang='lat' dir='ltr'>intervertere</span> <span class='ocrx_word' id='word_1_66' title='bbox 434 680 503 733; x_wconf 83' lang='lat' dir='ltr'>selle</span> <span class='ocrx_word' id='word_1_67' title='bbox 515 687 728 750; x_wconf 83' lang='lat' dir='ltr'>praesumuntur.</span> <span class='ocrx_word' id='word_1_68' title='bbox 741 671 811 728; x_wconf 85' lang='lat' dir='ltr'>coni.</span> <span class='ocrx_word' id='word_1_69' title='bbox 820 671 865 724; x_wconf 90' lang='lat' dir='ltr'>dn.</span> <span class='ocrx_word' id='word_1_70' title='bbox 879 672 968 724; x_wconf 88' lang='lat' dir='ltr'>Strur.</span> <span class='ocrx_word' id='word_1_71' title='bbox 1022 672 1117 744; x_wconf 74' lang='lat' dir='ltr'>stituto</span> <span class='ocrx_word' id='word_1_72' title='bbox 1135 671 1174 723; x_wconf 90' lang='lat' dir='ltr'>eis</span> <span class='ocrx_word' id='word_1_73' title='bbox 1200 681 1335 738; x_wconf 86' lang='lat' dir='ltr'>curatore,</span> <span class='ocrx_word' id='word_1_74' title='bbox 1354 674 1427 741; x_wconf 87' lang='lat' dir='ltr'>enjus</span> <span class='ocrx_word' id='word_1_75' title='bbox 1452 677 1610 733; x_wconf 84' lang='lat' dir='ltr'>arretoritste</span> <span class='ocrx_word' id='word_1_76' title='bbox 1634 679 1725 732; x_wconf 85' lang='lat' dir='ltr'>omnia</span> <span class='ocrx_word' id='word_1_77' title='bbox 1744 696 1838 750; x_wconf 75' lang='lat' dir='ltr'>geran-</span> 
     </span>
     <span class='ocr_line' id='line_1_7' title="bbox 158 752 1838 838; baseline -0.002 -17"><span class='ocrx_word' id='word_1_78' title='bbox 158 781 239 821; x_wconf 74' lang='lat' dir='ltr'>eeetu.</span> <span class='ocrx_word' id='word_1_79' title='bbox 259 775 300 818; x_wconf 87' lang='grc' dir='ltr'>ιι.</span> <span class='ocrx_word' id='word_1_80' title='bbox 319 766 357 817; x_wconf 87' lang='lat' dir='ltr'>tlr.</span> <span class='ocrx_word' id='word_1_81' title='bbox 380 777 421 818; x_wconf 88' lang='lat' dir='ltr'>tu.</span> <span class='ocrx_word' id='word_1_82' title='bbox 437 763 572 818; x_wconf 87' lang='lat' dir='ltr'>Omnibus</span> <span class='ocrx_word' id='word_1_83' title='bbox 588 773 674 815; x_wconf 86' lang='lat' dir='ltr'>autem</span> <span class='ocrx_word' id='word_1_84' title='bbox 695 760 727 813; x_wconf 88' lang='lat' dir='ltr'>ad</span> <span class='ocrx_word' id='word_1_85' title='bbox 748 757 793 826; x_wconf 89' lang='lat' dir='ltr'>id,</span> <span class='ocrx_word' id='word_1_86' title='bbox 812 765 841 808; x_wconf 90' lang='lat' dir='ltr'>ut</span> <span class='ocrx_word' id='word_1_87' title='bbox 859 752 970 807; x_wconf 79' lang='lat' dir='ltr'>abutens</span> <span class='ocrx_word' id='word_1_88' title='bbox 1024 768 1083 824; x_wconf 90' lang='lat' dir='ltr'>tur,</span> <span class='ocrx_word' id='word_1_89' title='bbox 1102 757 1186 810; x_wconf 90' lang='lat' dir='ltr'>donec</span> <span class='ocrx_word' id='word_1_90' title='bbox 1205 757 1247 810; x_wconf 86' lang='lat' dir='ltr'>illi</span> <span class='ocrx_word' id='word_1_91' title='bbox 1266 774 1347 812; x_wconf 88' lang='lat' dir='ltr'>sanos</span> <span class='ocrx_word' id='word_1_92' title='bbox 1366 777 1454 816; x_wconf 83' lang='lat' dir='ltr'>mures</span> <span class='ocrx_word' id='word_1_93' title='bbox 1473 765 1636 838; x_wconf 68' lang='lat' dir='ltr'>receperint,</span> <span class='ocrx_word' id='word_1_94' title='bbox 1648 763 1703 820; x_wconf 89' lang='lat' dir='ltr'>vid.</span> <span class='ocrx_word' id='word_1_95' title='bbox 1721 765 1740 817; x_wconf 87' lang='lat' dir='ltr'>l.</span> <span class='ocrx_word' id='word_1_96' title='bbox 1761 777 1783 818; x_wconf 94' lang='grc' dir='ltr'>ι.</span> <span class='ocrx_word' id='word_1_97' title='bbox 1794 781 1838 835; x_wconf 85' lang='lat' dir='ltr'>pr.</span> 
     </span>
     <span class='ocr_line' id='line_1_8' title="bbox 159 837 1544 918; baseline 0 -15"><span class='ocrx_word' id='word_1_98' title='bbox 159 867 210 904; x_wconf 86' lang='lat' dir='ltr'>rem</span> <span class='ocrx_word' id='word_1_99' title='bbox 232 863 294 902; x_wconf 82' lang='lat' dir='ltr'>cunr</span> <span class='ocrx_word' id='word_1_100' title='bbox 318 847 393 902; x_wconf 85' lang='lat' dir='ltr'>orani</span> <span class='ocrx_word' id='word_1_101' title='bbox 413 865 490 900; x_wconf 85' lang='lat' dir='ltr'>eausa</span> <span class='ocrx_word' id='word_1_102' title='bbox 507 848 647 911; x_wconf 86' lang='lat' dir='ltr'>restituat,</span> <span class='ocrx_word' id='word_1_103' title='bbox 665 845 793 896; x_wconf 84' lang='lat' dir='ltr'>damnum</span> <span class='ocrx_word' id='word_1_104' title='bbox 818 837 910 890; x_wconf 89' lang='lat' dir='ltr'>datum</span> <span class='ocrx_word' id='word_1_105' title='bbox 930 853 970 888; x_wconf 88' lang='lat' dir='ltr'>re·</span> <span class='ocrx_word' id='word_1_106' title='bbox 1022 842 1042 896; x_wconf 88' lang='lat' dir='ltr'>l.</span> <span class='ocrx_word' id='word_1_107' title='bbox 1057 856 1096 896; x_wconf 88' lang='lat' dir='ltr'>to.</span> <span class='ocrx_word' id='word_1_108' title='bbox 1109 859 1152 914; x_wconf 86' lang='lat' dir='ltr'>pr.</span> <span class='ocrx_word' id='word_1_109' title='bbox 1165 843 1183 895; x_wconf 83' lang='lat' dir='ltr'>l.</span> <span class='ocrx_word' id='word_1_110' title='bbox 1200 856 1239 895; x_wconf 89' lang='lat' dir='ltr'>ts.</span> <span class='ocrx_word' id='word_1_111' title='bbox 1243 841 1286 911; x_wconf 79' lang='lat' dir='ltr'>ff.</span> <span class='ocrx_word' id='word_1_112' title='bbox 1301 844 1335 898; x_wconf 87' lang='lat' dir='ltr'>de</span> <span class='ocrx_word' id='word_1_113' title='bbox 1347 854 1434 900; x_wconf 84' lang='lat' dir='ltr'>curat.</span> <span class='ocrx_word' id='word_1_114' title='bbox 1438 847 1544 918; x_wconf 73' lang='lat' dir='ltr'>fivrr&#39;or.</span> 
     </span>
     <span class='ocr_line' id='line_1_9' title="bbox 157 925 1903 1002; baseline 0.001 -14"><span class='ocrx_word' id='word_1_115' title='bbox 157 933 302 998; x_wconf 54' lang='lat' dir='ltr'>antenor</span> <span class='ocrx_word' id='word_1_116' title='bbox 318 932 379 1001; x_wconf 86' lang='lat' dir='ltr'>jure</span> <span class='ocrx_word' id='word_1_117' title='bbox 391 931 510 1002; x_wconf 83' lang='lat' dir='ltr'>quaesito</span> <span class='ocrx_word' id='word_1_118' title='bbox 527 931 655 1002; x_wconf 88' lang='lat' dir='ltr'>privetur.</span> <span class='ocrx_word' id='word_1_119' title='bbox 670 928 709 981; x_wconf 82' lang='lat' dir='ltr'>td</span> <span class='ocrx_word' id='word_1_120' title='bbox 722 925 792 1000; x_wconf 73' lang='lat' dir='ltr'>quand</span> <span class='ocrx_word' id='word_1_121' title='bbox 805 925 885 979; x_wconf 86' lang='lat' dir='ltr'>etiarn</span> <span class='ocrx_word' id='word_1_122' title='bbox 900 937 970 974; x_wconf 89' lang='lat' dir='ltr'>nom·</span> <span class='ocrx_word' id='word_1_123' title='bbox 1057 927 1163 998; x_wconf 83' lang='lat' dir='ltr'>Deniq;</span> <span class='ocrx_word' id='word_1_124' title='bbox 1182 939 1274 982; x_wconf 81' lang='lat' dir='ltr'>contre</span> <span class='ocrx_word' id='word_1_125' title='bbox 1293 929 1432 986; x_wconf 78' lang='lat' dir='ltr'>haeredem</span> <span class='ocrx_word' id='word_1_126' title='bbox 1451 929 1703 989; x_wconf 84' lang='lat' dir='ltr'>fideicommissario</span> <span class='ocrx_word' id='word_1_127' title='bbox 1721 933 1754 990; x_wconf 93' lang='lat' dir='ltr'>de</span> <span class='ocrx_word' id='word_1_128' title='bbox 1771 934 1837 990; x_wconf 87' lang='lat' dir='ltr'>abu·</span> <span class='ocrx_word' id='word_1_129' title='bbox 1874 948 1903 990; x_wconf 83' lang='grc' dir='ltr'>ιι</span> 
     </span>
     <span class='ocr_line' id='line_1_10' title="bbox 157 1013 1838 1088; baseline 0.002 -16"><span class='ocrx_word' id='word_1_130' title='bbox 157 1015 269 1072; x_wconf 82' lang='lat' dir='ltr'>modauti</span> <span class='ocrx_word' id='word_1_131' title='bbox 288 1025 383 1068; x_wconf 85' lang='lat' dir='ltr'>contra</span> <span class='ocrx_word' id='word_1_132' title='bbox 399 1015 653 1081; x_wconf 87' lang='lat' dir='ltr'>commodatarinvn,</span> <span class='ocrx_word' id='word_1_133' title='bbox 672 1013 826 1067; x_wconf 89' lang='lat' dir='ltr'>abutentem</span> <span class='ocrx_word' id='word_1_134' title='bbox 851 1025 880 1064; x_wconf 89' lang='lat' dir='ltr'>re</span> <span class='ocrx_word' id='word_1_135' title='bbox 898 1021 970 1060; x_wconf 85' lang='lat' dir='ltr'>eum·</span> <span class='ocrx_word' id='word_1_136' title='bbox 1023 1030 1053 1065; x_wconf 86' lang='lat' dir='ltr'>su</span> <span class='ocrx_word' id='word_1_137' title='bbox 1072 1029 1163 1067; x_wconf 86' lang='lat' dir='ltr'>cavere</span> <span class='ocrx_word' id='word_1_138' title='bbox 1181 1015 1319 1070; x_wconf 78' lang='lat' dir='ltr'>nolentem</span> <span class='ocrx_word' id='word_1_139' title='bbox 1338 1016 1473 1088; x_wconf 80' lang='lat' dir='ltr'>singulare</span> <span class='ocrx_word' id='word_1_140' title='bbox 1490 1019 1641 1074; x_wconf 91' lang='lat' dir='ltr'>remedium</span> <span class='ocrx_word' id='word_1_141' title='bbox 1659 1019 1838 1076; x_wconf 85' lang='lat' dir='ltr'>introductum</span> 
     </span>
     <span class='ocr_line' id='line_1_11' title="bbox 155 1090 1839 1175; baseline 0.004 -21"><span class='ocrx_word' id='word_1_142' title='bbox 155 1100 249 1156; x_wconf 76' lang='lat' dir='ltr'>nodus</span> <span class='ocrx_word' id='word_1_143' title='bbox 261 1100 437 1168; x_wconf 73' lang='lat' dir='ltr'>commodati3</span> <span class='ocrx_word' id='word_1_144' title='bbox 449 1100 591 1173; x_wconf 81' lang='lat' dir='ltr'>deponenti</span> <span class='ocrx_word' id='word_1_145' title='bbox 603 1109 692 1154; x_wconf 86' lang='lat' dir='ltr'>eontra</span> <span class='ocrx_word' id='word_1_146' title='bbox 710 1093 903 1168; x_wconf 86' lang='lat' dir='ltr'>depositarium</span> <span class='ocrx_word' id='word_1_147' title='bbox 921 1090 970 1144; x_wconf 89' lang='lat' dir='ltr'>de·</span> <span class='ocrx_word' id='word_1_148' title='bbox 1021 1099 1101 1151; x_wconf 87' lang='lat' dir='ltr'>estin</span> <span class='ocrx_word' id='word_1_149' title='bbox 1113 1099 1131 1151; x_wconf 85' lang='lat' dir='ltr'>l.</span> <span class='ocrx_word' id='word_1_150' title='bbox 1146 1101 1199 1166; x_wconf 84' lang='lat' dir='ltr'>s.§.</span> <span class='ocrx_word' id='word_1_151' title='bbox 1209 1102 1330 1170; x_wconf 79' lang='lat' dir='ltr'>imperat.</span> <span class='ocrx_word' id='word_1_152' title='bbox 1347 1099 1414 1170; x_wconf 62' lang='lat' dir='ltr'>eff.</span> <span class='ocrx_word' id='word_1_153' title='bbox 1428 1115 1457 1156; x_wconf 87' lang='lat' dir='ltr'>ut</span> <span class='ocrx_word' id='word_1_154' title='bbox 1469 1103 1519 1174; x_wconf 74' lang='lat' dir='ltr'>leg.</span> <span class='ocrx_word' id='word_1_155' title='bbox 1532 1103 1751 1175; x_wconf 82' lang='lat' dir='ltr'>velfideioomm·</span> <span class='ocrx_word' id='word_1_156' title='bbox 1765 1124 1839 1164; x_wconf 77' lang='lat' dir='ltr'>cens.</span> 
     </span>
     <span class='ocr_line' id='line_1_12' title="bbox 162 1176 1839 1262; baseline 0.005 -22"><span class='ocrx_word' id='word_1_157' title='bbox 162 1189 252 1262; x_wconf 64' lang='lat' dir='ltr'>portur</span> <span class='ocrx_word' id='word_1_158' title='bbox 272 1188 392 1243; x_wconf 79' lang='lat' dir='ltr'>debitori</span> <span class='ocrx_word' id='word_1_159' title='bbox 415 1189 540 1244; x_wconf 85' lang='lat' dir='ltr'>adversus</span> <span class='ocrx_word' id='word_1_160' title='bbox 562 1187 724 1242; x_wconf 78' lang='lat' dir='ltr'>creditorem</span> <span class='ocrx_word' id='word_1_161' title='bbox 752 1180 904 1237; x_wconf 83' lang='lat' dir='ltr'>abutentem</span> <span class='ocrx_word' id='word_1_162' title='bbox 930 1176 971 1248; x_wconf 85' lang='lat' dir='ltr'>pi·</span> <span class='ocrx_word' id='word_1_163' title='bbox 1019 1201 1082 1238; x_wconf 83' lang='lat' dir='ltr'>ccv.</span> <span class='ocrx_word' id='word_1_164' title='bbox 1108 1203 1160 1255; x_wconf 89' lang='lat' dir='ltr'>quo</span> <span class='ocrx_word' id='word_1_165' title='bbox 1184 1185 1451 1242; x_wconf 81' lang='lat' dir='ltr'>fideicommissarius</span> <span class='ocrx_word' id='word_1_166' title='bbox 1476 1189 1507 1242; x_wconf 91' lang='lat' dir='ltr'>in</span> <span class='ocrx_word' id='word_1_167' title='bbox 1533 1191 1728 1262; x_wconf 64' lang='lat' dir='ltr'>maceraionem</span> <span class='ocrx_word' id='word_1_168' title='bbox 1746 1207 1839 1248; x_wconf 88' lang='lat' dir='ltr'>rerum</span> 
     </span>
     <span class='ocr_line' id='line_1_13' title="bbox 155 1265 1837 1346; baseline 0.002 -18"><span class='ocrx_word' id='word_1_169' title='bbox 155 1290 244 1346; x_wconf 75' lang='lat' dir='ltr'>pnurc,</span> <span class='ocrx_word' id='word_1_170' title='bbox 272 1272 462 1346; x_wconf 63' lang='lat' dir='ltr'>pignoratitiae</span> <span class='ocrx_word' id='word_1_171' title='bbox 478 1273 587 1328; x_wconf 81' lang='lat' dir='ltr'>locatori</span> <span class='ocrx_word' id='word_1_172' title='bbox 612 1281 701 1324; x_wconf 87' lang='lat' dir='ltr'>contra</span> <span class='ocrx_word' id='word_1_173' title='bbox 720 1265 908 1323; x_wconf 88' lang='lat' dir='ltr'>conductorem</span> <span class='ocrx_word' id='word_1_174' title='bbox 933 1266 970 1319; x_wconf 90' lang='lat' dir='ltr'>lo·</span> <span class='ocrx_word' id='word_1_175' title='bbox 1021 1265 1288 1322; x_wconf 73' lang='lat' dir='ltr'>fideicommissorum</span> <span class='ocrx_word' id='word_1_176' title='bbox 1313 1270 1503 1339; x_wconf 79' lang='lat' dir='ltr'>introducitur,</span> <span class='ocrx_word' id='word_1_177' title='bbox 1527 1273 1561 1326; x_wconf 85' lang='lat' dir='ltr'>ad</span> <span class='ocrx_word' id='word_1_178' title='bbox 1586 1293 1646 1330; x_wconf 92' lang='lat' dir='ltr'>eum</span> <span class='ocrx_word' id='word_1_179' title='bbox 1672 1271 1770 1342; x_wconf 81' lang='lat' dir='ltr'>finem,</span> <span class='ocrx_word' id='word_1_180' title='bbox 1795 1277 1837 1332; x_wconf 84' lang='lat' dir='ltr'>nti</span> 
     </span>
     <span class='ocr_line' id='line_1_14' title="bbox 155 1351 1840 1433; baseline 0.001 -19"><span class='ocrx_word' id='word_1_181' title='bbox 155 1361 202 1414; x_wconf 85' lang='lat' dir='ltr'>eati</span> <span class='ocrx_word' id='word_1_182' title='bbox 219 1359 292 1412; x_wconf 82' lang='lat' dir='ltr'>attin</span> <span class='ocrx_word' id='word_1_183' title='bbox 308 1357 447 1430; x_wconf 88' lang='lat' dir='ltr'>competit.</span> <span class='ocrx_word' id='word_1_184' title='bbox 466 1359 525 1412; x_wconf 88' lang='lat' dir='ltr'>imo</span> <span class='ocrx_word' id='word_1_185' title='bbox 543 1359 573 1410; x_wconf 91' lang='lat' dir='ltr'>in</span> <span class='ocrx_word' id='word_1_186' title='bbox 590 1373 688 1426; x_wconf 79' lang='lat' dir='ltr'>genera</span> <span class='ocrx_word' id='word_1_187' title='bbox 705 1372 787 1426; x_wconf 66' lang='lat' dir='ltr'>qnoqr</span> <span class='ocrx_word' id='word_1_188' title='bbox 806 1352 907 1423; x_wconf 87' lang='lat' dir='ltr'>quoties</span> <span class='ocrx_word' id='word_1_189' title='bbox 924 1351 969 1402; x_wconf 85' lang='lat' dir='ltr'>lex</span> <span class='ocrx_word' id='word_1_190' title='bbox 1024 1355 1139 1425; x_wconf 88' lang='lat' dir='ltr'>explicat</span> <span class='ocrx_word' id='word_1_191' title='bbox 1155 1353 1265 1427; x_wconf 71' lang='lat' dir='ltr'>[ipian.</span> <span class='ocrx_word' id='word_1_192' title='bbox 1278 1355 1307 1410; x_wconf 85' lang='lat' dir='ltr'>r&#39;rr</span> <span class='ocrx_word' id='word_1_193' title='bbox 1318 1357 1336 1408; x_wconf 85' lang='lat'>1.</span> <span class='ocrx_word' id='word_1_194' title='bbox 1351 1367 1376 1407; x_wconf 76' lang='lat'>5.</span> <span class='ocrx_word' id='word_1_195' title='bbox 1386 1355 1476 1428; x_wconf 73' lang='lat' dir='ltr'>pnff.</span> <span class='ocrx_word' id='word_1_196' title='bbox 1488 1367 1518 1412; x_wconf 85' lang='lat' dir='ltr'>ut</span> <span class='ocrx_word' id='word_1_197' title='bbox 1530 1361 1560 1413; x_wconf 87' lang='lat' dir='ltr'>t&#39;n</span> <span class='ocrx_word' id='word_1_198' title='bbox 1570 1376 1644 1433; x_wconf 84' lang='lat' dir='ltr'>porr.</span> <span class='ocrx_word' id='word_1_199' title='bbox 1656 1361 1708 1432; x_wconf 72' lang='lat' dir='ltr'>lep.</span> <span class='ocrx_word' id='word_1_200' title='bbox 1723 1377 1777 1432; x_wconf 83' lang='lat' dir='ltr'>qno</span> <span class='ocrx_word' id='word_1_201' title='bbox 1790 1361 1840 1414; x_wconf 80' lang='lat' dir='ltr'>nt-</span> 
     </span>
     <span class='ocr_line' id='line_1_15' title="bbox 153 1439 1840 1517; baseline 0.002 -19"><span class='ocrx_word' id='word_1_202' title='bbox 153 1442 242 1498; x_wconf 70' lang='lat' dir='ltr'>umus</span> <span class='ocrx_word' id='word_1_203' title='bbox 264 1459 378 1513; x_wconf 88' lang='lat' dir='ltr'>poenam</span> <span class='ocrx_word' id='word_1_204' title='bbox 396 1444 491 1499; x_wconf 87' lang='lat' dir='ltr'>statuit</span> <span class='ocrx_word' id='word_1_205' title='bbox 505 1443 704 1515; x_wconf 78' lang='lat' dir='ltr'>privationem,</span> <span class='ocrx_word' id='word_1_206' title='bbox 724 1439 857 1494; x_wconf 82' lang='lat' dir='ltr'>condictio</span> <span class='ocrx_word' id='word_1_207' title='bbox 875 1439 969 1493; x_wconf 80' lang='lat' dir='ltr'>exilia</span> <span class='ocrx_word' id='word_1_208' title='bbox 1024 1449 1077 1493; x_wconf 90' lang='lat' dir='ltr'>tem</span> <span class='ocrx_word' id='word_1_209' title='bbox 1101 1440 1187 1495; x_wconf 87' lang='lat' dir='ltr'>taedio</span> <span class='ocrx_word' id='word_1_210' title='bbox 1211 1452 1352 1514; x_wconf 74' lang='lat' dir='ltr'>perpetuae</span> <span class='ocrx_word' id='word_1_211' title='bbox 1381 1443 1517 1497; x_wconf 82' lang='lat' dir='ltr'>custodiae</span> <span class='ocrx_word' id='word_1_212' title='bbox 1547 1454 1701 1517; x_wconf 81' lang='lat' dir='ltr'>extorqueat</span> <span class='ocrx_word' id='word_1_213' title='bbox 1730 1447 1840 1502; x_wconf 82' lang='lat' dir='ltr'>haeredi</span> 
     </span>
     <span class='ocr_line' id='line_1_16' title="bbox 153 1524 1843 1603; baseline 0.002 -21"><span class='ocrx_word' id='word_1_214' title='bbox 153 1533 207 1600; x_wconf 70' lang='lat' dir='ltr'>lege</span> <span class='ocrx_word' id='word_1_215' title='bbox 222 1532 312 1584; x_wconf 86' lang='lat' dir='ltr'>lucum</span> <span class='ocrx_word' id='word_1_216' title='bbox 338 1530 474 1597; x_wconf 77' lang='lat' dir='ltr'>inveniet,</span> <span class='ocrx_word' id='word_1_217' title='bbox 493 1545 552 1602; x_wconf 70' lang='lat' dir='ltr'>urg.</span> <span class='ocrx_word' id='word_1_218' title='bbox 576 1531 596 1584; x_wconf 85' lang='lat' dir='ltr'>l.</span> <span class='ocrx_word' id='word_1_219' title='bbox 619 1527 720 1599; x_wconf 76' lang='lat' dir='ltr'>ure-ff.</span> <span class='ocrx_word' id='word_1_220' title='bbox 744 1525 779 1584; x_wconf 80' lang='lat' dir='ltr'>de</span> <span class='ocrx_word' id='word_1_221' title='bbox 796 1524 914 1582; x_wconf 77' lang='lat' dir='ltr'>condiet.</span> <span class='ocrx_word' id='word_1_222' title='bbox 931 1543 969 1578; x_wconf 72' lang='lat' dir='ltr'>eu</span> <span class='ocrx_word' id='word_1_223' title='bbox 1019 1528 1175 1582; x_wconf 87' lang='lat' dir='ltr'>cautionem.</span> <span class='ocrx_word' id='word_1_224' title='bbox 1188 1528 1266 1598; x_wconf 81' lang='lat' dir='ltr'>Quod</span> <span class='ocrx_word' id='word_1_225' title='bbox 1279 1529 1368 1601; x_wconf 88' lang='lat' dir='ltr'>ipsum</span> <span class='ocrx_word' id='word_1_226' title='bbox 1385 1529 1532 1584; x_wconf 86' lang='lat' dir='ltr'>remedium</span> <span class='ocrx_word' id='word_1_227' title='bbox 1550 1527 1721 1603; x_wconf 87' lang='lat' dir='ltr'>adipiscendi</span> <span class='ocrx_word' id='word_1_228' title='bbox 1738 1547 1843 1603; x_wconf 79' lang='lat' dir='ltr'>porter-</span> 
     </span>
     <span class='ocr_line' id='line_1_17' title="bbox 154 1605 1845 1687; baseline 0 -19"><span class='ocrx_word' id='word_1_229' title='bbox 154 1617 199 1686; x_wconf 72' lang='lat' dir='ltr'>lep.</span> <span class='ocrx_word' id='word_1_230' title='bbox 357 1605 359 1611; x_wconf 31' lang='lat'>⁸</span> <span class='ocrx_word' id='word_1_231' title='bbox 1022 1615 1125 1667; x_wconf 86' lang='lat' dir='ltr'>sionem</span> <span class='ocrx_word' id='word_1_232' title='bbox 1144 1614 1217 1666; x_wconf 88' lang='lat' dir='ltr'>omui</span> <span class='ocrx_word' id='word_1_233' title='bbox 1233 1631 1295 1668; x_wconf 87' lang='lat' dir='ltr'>curu</span> <span class='ocrx_word' id='word_1_234' title='bbox 1308 1615 1394 1667; x_wconf 87' lang='lat' dir='ltr'>locum</span> <span class='ocrx_word' id='word_1_235' title='bbox 1409 1614 1543 1680; x_wconf 80' lang='lat' dir='ltr'>insaniet,</span> <span class='ocrx_word' id='word_1_236' title='bbox 1558 1615 1604 1668; x_wconf 90' lang='lat' dir='ltr'>nbi</span> <span class='ocrx_word' id='word_1_237' title='bbox 1616 1615 1764 1687; x_wconf 87' lang='lat' dir='ltr'>periculum</span> <span class='ocrx_word' id='word_1_238' title='bbox 1778 1615 1845 1670; x_wconf 89' lang='lat' dir='ltr'>abn-</span> 
     </span>
     <span class='ocr_line' id='line_1_18' title="bbox 185 1693 1842 1771; baseline -0.001 -19"><span class='ocrx_word' id='word_1_239' title='bbox 185 1697 247 1752; x_wconf 87' lang='lat' dir='ltr'>Tria</span> <span class='ocrx_word' id='word_1_240' title='bbox 268 1697 354 1752; x_wconf 82' lang='lat' dir='ltr'>adhuc</span> <span class='ocrx_word' id='word_1_241' title='bbox 372 1695 518 1768; x_wconf 74' lang='lat' dir='ltr'>singularia</span> <span class='ocrx_word' id='word_1_242' title='bbox 543 1697 663 1752; x_wconf 81' lang='lat' dir='ltr'>remedie</span> <span class='ocrx_word' id='word_1_243' title='bbox 683 1704 800 1760; x_wconf 81' lang='lat' dir='ltr'>restant,</span> <span class='ocrx_word' id='word_1_244' title='bbox 820 1711 887 1766; x_wconf 81' lang='lat' dir='ltr'>quac</span> <span class='ocrx_word' id='word_1_245' title='bbox 907 1693 970 1748; x_wconf 86' lang='lat' dir='ltr'>sbu-</span> <span class='ocrx_word' id='word_1_246' title='bbox 1020 1715 1063 1752; x_wconf 86' lang='lat' dir='ltr'>sus</span> <span class='ocrx_word' id='word_1_247' title='bbox 1084 1708 1111 1752; x_wconf 89' lang='lat' dir='ltr'>et</span> <span class='ocrx_word' id='word_1_248' title='bbox 1129 1697 1354 1754; x_wconf 73' lang='lat' dir='ltr'>deteriorationis</span> <span class='ocrx_word' id='word_1_249' title='bbox 1381 1701 1410 1752; x_wconf 90' lang='lat' dir='ltr'>in</span> <span class='ocrx_word' id='word_1_250' title='bbox 1435 1708 1528 1771; x_wconf 86' lang='lat' dir='ltr'>rpertn</span> <span class='ocrx_word' id='word_1_251' title='bbox 1545 1710 1597 1762; x_wconf 83' lang='lat' dir='ltr'>est.</span> <span class='ocrx_word' id='word_1_252' title='bbox 1623 1709 1651 1752; x_wconf 92' lang='lat' dir='ltr'>et</span> <span class='ocrx_word' id='word_1_253' title='bbox 1672 1709 1743 1754; x_wconf 84' lang='lat' dir='ltr'>retur</span> <span class='ocrx_word' id='word_1_254' title='bbox 1761 1714 1789 1752; x_wconf 90' lang='grc' dir='ltr'>ιι</span> <span class='ocrx_word' id='word_1_255' title='bbox 1808 1698 1842 1752; x_wconf 89' lang='lat' dir='ltr'>ad</span> 
     </span>
     <span class='ocr_line' id='line_1_19' title="bbox 152 1767 1707 1854; baseline -0.003 -16"><span class='ocrx_word' id='word_1_256' title='bbox 152 1783 187 1838; x_wconf 77' lang='lat' dir='ltr'>nri</span> <span class='ocrx_word' id='word_1_257' title='bbox 203 1787 265 1854; x_wconf 84' lang='lat' dir='ltr'>jura</span> <span class='ocrx_word' id='word_1_258' title='bbox 283 1794 375 1838; x_wconf 85' lang='lat' dir='ltr'>nostra</span> <span class='ocrx_word' id='word_1_259' title='bbox 391 1790 583 1854; x_wconf 86' lang='lat' dir='ltr'>opposuerunt.</span> <span class='ocrx_word' id='word_1_260' title='bbox 601 1767 723 1837; x_wconf 84' lang='lat' dir='ltr'>Primum</span> <span class='ocrx_word' id='word_1_261' title='bbox 742 1791 781 1834; x_wconf 85' lang='lat' dir='ltr'>eat</span> <span class='ocrx_word' id='word_1_262' title='bbox 797 1790 889 1834; x_wconf 87' lang='lat' dir='ltr'>contra</span> <span class='ocrx_word' id='word_1_263' title='bbox 907 1779 971 1832; x_wconf 87' lang='lat' dir='ltr'>abu·</span> <span class='ocrx_word' id='word_1_264' title='bbox 989 1791 992 1796; x_wconf 84' lang='lat'>&#39;</span> <span class='ocrx_word' id='word_1_265' title='bbox 1024 1780 1171 1836; x_wconf 89' lang='lat' dir='ltr'>cantionem</span> <span class='ocrx_word' id='word_1_266' title='bbox 1189 1781 1284 1850; x_wconf 66' lang='lat' dir='ltr'>ollem</span> <span class='ocrx_word' id='word_1_267' title='bbox 1304 1784 1407 1854; x_wconf 87' lang='lat' dir='ltr'>dequo</span> <span class='ocrx_word' id='word_1_268' title='bbox 1426 1781 1481 1836; x_wconf 87' lang='lat' dir='ltr'>vid.</span> <span class='ocrx_word' id='word_1_269' title='bbox 1498 1780 1542 1836; x_wconf 85' lang='lat' dir='ltr'>dd.</span> <span class='ocrx_word' id='word_1_270' title='bbox 1557 1779 1630 1836; x_wconf 80' lang='lat' dir='ltr'>odd.</span> <span class='ocrx_word' id='word_1_271' title='bbox 1643 1783 1662 1834; x_wconf 90' lang='lat' dir='ltr'>l.</span> <span class='ocrx_word' id='word_1_272' title='bbox 1683 1793 1707 1834; x_wconf 85' lang='grc' dir='ltr'>ι.</span> 
     </span>
     <span class='ocr_line' id='line_1_20' title="bbox 154 1863 1904 1939; baseline -0.002 -15"><span class='ocrx_word' id='word_1_273' title='bbox 154 1878 232 1924; x_wconf 85' lang='lat' dir='ltr'>tentes</span> <span class='ocrx_word' id='word_1_274' title='bbox 251 1865 388 1922; x_wconf 78' lang='lat' dir='ltr'>beneficio</span> <span class='ocrx_word' id='word_1_275' title='bbox 405 1867 618 1939; x_wconf 72' lang='lat' dir='ltr'>competentiae:</span> <span class='ocrx_word' id='word_1_276' title='bbox 636 1866 707 1938; x_wconf 89' lang='lat' dir='ltr'>qnod</span> <span class='ocrx_word' id='word_1_277' title='bbox 732 1865 811 1918; x_wconf 87' lang='lat' dir='ltr'>certis</span> <span class='ocrx_word' id='word_1_278' title='bbox 836 1863 972 1934; x_wconf 84' lang='lat' dir='ltr'>personis,</span> <span class='ocrx_word' id='word_1_279' title='bbox 1065 1875 1145 1935; x_wconf 74' lang='lat' dir='ltr'>utque</span> <span class='ocrx_word' id='word_1_280' title='bbox 1165 1867 1213 1919; x_wconf 87' lang='lat' dir='ltr'>ista</span> <span class='ocrx_word' id='word_1_281' title='bbox 1232 1875 1309 1933; x_wconf 88' lang='lat' dir='ltr'>runt,</span> <span class='ocrx_word' id='word_1_282' title='bbox 1334 1865 1461 1922; x_wconf 71' lang='lat' dir='ltr'>benevme</span> <span class='ocrx_word' id='word_1_283' title='bbox 1488 1867 1588 1934; x_wconf 87' lang='lat' dir='ltr'>lector,</span> <span class='ocrx_word' id='word_1_284' title='bbox 1612 1883 1679 1936; x_wconf 83' lang='lat' dir='ltr'>qnae</span> <span class='ocrx_word' id='word_1_285' title='bbox 1704 1863 1738 1919; x_wconf 84' lang='lat' dir='ltr'>de</span> <span class='ocrx_word' id='word_1_286' title='bbox 1754 1863 1837 1920; x_wconf 79' lang='lat' dir='ltr'>abusu</span> <span class='ocrx_word' id='word_1_287' title='bbox 1875 1879 1904 1924; x_wconf 85' lang='lat' dir='ltr'>ts</span> 
     </span>
     <span class='ocr_line' id='line_1_21' title="bbox 152 1947 1842 2024; baseline -0.003 -17"><span class='ocrx_word' id='word_1_288' title='bbox 152 1969 263 2024; x_wconf 80' lang='lat' dir='ltr'>quarum</span> <span class='ocrx_word' id='word_1_289' title='bbox 282 1954 427 2022; x_wconf 78' lang='lat' dir='ltr'>catalogum</span> <span class='ocrx_word' id='word_1_290' title='bbox 446 1951 558 2006; x_wconf 83' lang='lat' dir='ltr'>exbibet</span> <span class='ocrx_word' id='word_1_291' title='bbox 573 1951 618 2004; x_wconf 91' lang='lat' dir='ltr'>dn.</span> <span class='ocrx_word' id='word_1_292' title='bbox 638 1951 725 2004; x_wconf 85' lang='lat' dir='ltr'>Struv·</span> <span class='ocrx_word' id='word_1_293' title='bbox 737 1963 825 2001; x_wconf 71' lang='lat' dir='ltr'>erere.</span> <span class='ocrx_word' id='word_1_294' title='bbox 846 1956 888 1998; x_wconf 89' lang='lat' dir='ltr'>tt.</span> <span class='ocrx_word' id='word_1_295' title='bbox 906 1949 975 2000; x_wconf 81' lang='lat' dir='ltr'>tier.</span> <span class='ocrx_word' id='word_1_296' title='bbox 1022 1949 1091 2018; x_wconf 82' lang='lat' dir='ltr'>juris</span> <span class='ocrx_word' id='word_1_297' title='bbox 1109 1950 1220 2020; x_wconf 87' lang='lat' dir='ltr'>quaesiti</span> <span class='ocrx_word' id='word_1_298' title='bbox 1239 1951 1366 2004; x_wconf 82' lang='lat' dir='ltr'>exhibere</span> <span class='ocrx_word' id='word_1_299' title='bbox 1384 1963 1487 2023; x_wconf 83' lang='lat' dir='ltr'>tempus</span> <span class='ocrx_word' id='word_1_300' title='bbox 1511 1961 1537 2005; x_wconf 91' lang='lat' dir='ltr'>et</span> <span class='ocrx_word' id='word_1_301' title='bbox 1553 1950 1692 2022; x_wconf 80' lang='lat' dir='ltr'>ingenium</span> <span class='ocrx_word' id='word_1_302' title='bbox 1711 1947 1842 2020; x_wconf 85' lang='lat' dir='ltr'>permise-</span> 
     </span>
     <span class='ocr_line' id='line_1_22' title="bbox 158 2031 1845 2112; baseline -0.001 -24"><span class='ocrx_word' id='word_1_303' title='bbox 158 2049 195 2092; x_wconf 84' lang='grc' dir='ltr'>ιι.</span> <span class='ocrx_word' id='word_1_304' title='bbox 213 2035 286 2090; x_wconf 87' lang='lat' dir='ltr'>illud</span> <span class='ocrx_word' id='word_1_305' title='bbox 305 2035 418 2103; x_wconf 87' lang='lat' dir='ltr'>tribuit,</span> <span class='ocrx_word' id='word_1_306' title='bbox 437 2046 465 2090; x_wconf 93' lang='lat' dir='ltr'>ut</span> <span class='ocrx_word' id='word_1_307' title='bbox 490 2036 642 2112; x_wconf 83' lang='lat' dir='ltr'>intantum</span> <span class='ocrx_word' id='word_1_308' title='bbox 668 2033 768 2098; x_wconf 88' lang='lat' dir='ltr'>solum,</span> <span class='ocrx_word' id='word_1_309' title='bbox 788 2031 818 2084; x_wconf 92' lang='lat' dir='ltr'>in</span> <span class='ocrx_word' id='word_1_310' title='bbox 843 2039 973 2102; x_wconf 90' lang='lat' dir='ltr'>qnantum</span> <span class='ocrx_word' id='word_1_311' title='bbox 1024 2041 1095 2086; x_wconf 90' lang='lat' dir='ltr'>runt.</span> <span class='ocrx_word' id='word_1_312' title='bbox 1114 2033 1191 2088; x_wconf 86' lang='lat' dir='ltr'>illius</span> <span class='ocrx_word' id='word_1_313' title='bbox 1209 2043 1297 2088; x_wconf 83' lang='lat' dir='ltr'>autem</span> <span class='ocrx_word' id='word_1_314' title='bbox 1315 2033 1450 2101; x_wconf 85' lang='lat' dir='ltr'>brevitas,</span> <span class='ocrx_word' id='word_1_315' title='bbox 1469 2035 1553 2104; x_wconf 83' lang='lat' dir='ltr'>hujus</span> <span class='ocrx_word' id='word_1_316' title='bbox 1577 2031 1704 2101; x_wconf 83' lang='lat' dir='ltr'>iniectis,</span> <span class='ocrx_word' id='word_1_317' title='bbox 1726 2035 1845 2087; x_wconf 75' lang='lat' dir='ltr'>maxime</span> 
     </span>
     <span class='ocr_line' id='line_1_23' title="bbox 154 2115 1843 2192; baseline 0 -20"><span class='ocrx_word' id='word_1_318' title='bbox 154 2119 237 2176; x_wconf 85' lang='lat' dir='ltr'>lacere</span> <span class='ocrx_word' id='word_1_319' title='bbox 257 2130 385 2192; x_wconf 76' lang='lat' dir='ltr'>possum,</span> <span class='ocrx_word' id='word_1_320' title='bbox 405 2117 630 2185; x_wconf 83' lang='lat' dir='ltr'>condemnentur,</span> <span class='ocrx_word' id='word_1_321' title='bbox 649 2117 702 2172; x_wconf 92' lang='lat' dir='ltr'>vid.</span> <span class='ocrx_word' id='word_1_322' title='bbox 720 2116 738 2170; x_wconf 85' lang='lat' dir='ltr'>l.</span> <span class='ocrx_word' id='word_1_323' title='bbox 762 2121 837 2178; x_wconf 67' lang='grc' dir='ltr'><strong>ιιι.</strong></span> <span class='ocrx_word' id='word_1_324' title='bbox 855 2126 877 2166; x_wconf 95' lang='grc' dir='ltr'>ι.</span> <span class='ocrx_word' id='word_1_325' title='bbox 896 2115 916 2166; x_wconf 90' lang='lat'>1.</span> <span class='ocrx_word' id='word_1_326' title='bbox 930 2127 973 2169; x_wconf 81' lang='lat' dir='ltr'>su.</span> <span class='ocrx_word' id='word_1_327' title='bbox 1026 2133 1085 2170; x_wconf 83' lang='lat' dir='ltr'>reru</span> <span class='ocrx_word' id='word_1_328' title='bbox 1103 2129 1145 2172; x_wconf 87' lang='lat' dir='ltr'>tua</span> <span class='ocrx_word' id='word_1_329' title='bbox 1164 2117 1360 2186; x_wconf 79' lang='lat' dir='ltr'>benevolentia,</span> <span class='ocrx_word' id='word_1_330' title='bbox 1378 2119 1474 2190; x_wconf 87' lang='lat' dir='ltr'>inqua</span> <span class='ocrx_word' id='word_1_331' title='bbox 1493 2118 1562 2174; x_wconf 87' lang='lat' dir='ltr'>mibi</span> <span class='ocrx_word' id='word_1_332' title='bbox 1589 2119 1632 2188; x_wconf 84' lang='lat' dir='ltr'>jus</span> <span class='ocrx_word' id='word_1_333' title='bbox 1653 2134 1781 2189; x_wconf 73' lang='lat' dir='ltr'>quaerere</span> <span class='ocrx_word' id='word_1_334' title='bbox 1798 2135 1843 2172; x_wconf 90' lang='lat' dir='ltr'>vo·</span> 
     </span>
     <span class='ocr_line' id='line_1_24' title="bbox 147 2198 1841 2276; baseline -0.001 -17"><span class='ocrx_word' id='word_1_335' title='bbox 147 2203 276 2276; x_wconf 76' lang='lat' dir='ltr'>ffidere</span> <span class='ocrx_word' id='word_1_336' title='bbox 283 2202 373 2275; x_wconf 70' lang='lat' dir='ltr'>judi.</span> <span class='ocrx_word' id='word_1_337' title='bbox 388 2213 445 2257; x_wconf 81' lang='lat' dir='ltr'>tta.</span> <span class='ocrx_word' id='word_1_338' title='bbox 449 2199 537 2271; x_wconf 68' lang='grc' dir='ltr'><em>Μ</em></span> <span class='ocrx_word' id='word_1_339' title='bbox 550 2221 572 2257; x_wconf 84' lang='lat' dir='ltr'>r·</span> <span class='ocrx_word' id='word_1_340' title='bbox 578 2202 602 2272; x_wconf 78' lang='lat'>1‘.</span> <span class='ocrx_word' id='word_1_341' title='bbox 615 2217 707 2256; x_wconf 89' lang='lat' dir='ltr'>verum</span> <span class='ocrx_word' id='word_1_342' title='bbox 726 2199 749 2253; x_wconf 87' lang='lat' dir='ltr'>si</span> <span class='ocrx_word' id='word_1_343' title='bbox 769 2198 810 2252; x_wconf 89' lang='lat' dir='ltr'>illi</span> <span class='ocrx_word' id='word_1_344' title='bbox 829 2198 858 2251; x_wconf 91' lang='lat' dir='ltr'>in</span> <span class='ocrx_word' id='word_1_345' title='bbox 876 2215 922 2264; x_wconf 86' lang='lat' dir='ltr'>eo,</span> <span class='ocrx_word' id='word_1_346' title='bbox 942 2198 971 2252; x_wconf 91' lang='lat' dir='ltr'>in</span> <span class='ocrx_word' id='word_1_347' title='bbox 1022 2202 1074 2266; x_wconf 88' lang='lat' dir='ltr'>lui,</span> <span class='ocrx_word' id='word_1_348' title='bbox 1094 2221 1137 2256; x_wconf 91' lang='lat' dir='ltr'>me</span> <span class='ocrx_word' id='word_1_349' title='bbox 1155 2205 1305 2272; x_wconf 84' lang='lat' dir='ltr'>eronrabit,</span> <span class='ocrx_word' id='word_1_350' title='bbox 1325 2206 1350 2258; x_wconf 88' lang='lat' dir='ltr'>si</span> <span class='ocrx_word' id='word_1_351' title='bbox 1369 2203 1439 2260; x_wconf 86' lang='lat' dir='ltr'>iorte</span> <span class='ocrx_word' id='word_1_352' title='bbox 1459 2213 1503 2260; x_wconf 88' lang='lat' dir='ltr'>tua</span> <span class='ocrx_word' id='word_1_353' title='bbox 1520 2204 1617 2258; x_wconf 86' lang='lat' dir='ltr'>abnsna</span> <span class='ocrx_word' id='word_1_354' title='bbox 1640 2201 1718 2258; x_wconf 86' lang='lat' dir='ltr'>inere</span> <span class='ocrx_word' id='word_1_355' title='bbox 1735 2203 1841 2274; x_wconf 83' lang='lat' dir='ltr'>patieu-</span> 
     </span>
     <span class='ocr_line' id='line_1_25' title="bbox 154 2287 1837 2368; baseline -0.004 -20"><span class='ocrx_word' id='word_1_356' title='bbox 154 2315 203 2368; x_wconf 78' lang='lat' dir='ltr'>quo</span> <span class='ocrx_word' id='word_1_357' title='bbox 220 2293 295 2368; x_wconf 84' lang='lat' dir='ltr'>ipsis</span> <span class='ocrx_word' id='word_1_358' title='bbox 313 2295 370 2363; x_wconf 77' lang='lat' dir='ltr'>iura</span> <span class='ocrx_word' id='word_1_359' title='bbox 389 2291 531 2348; x_wconf 80' lang='lat' dir='ltr'>subvenire</span> <span class='ocrx_word' id='word_1_360' title='bbox 548 2293 701 2358; x_wconf 85' lang='lat' dir='ltr'>voluerunt,</span> <span class='ocrx_word' id='word_1_361' title='bbox 716 2297 843 2360; x_wconf 86' lang='lat' dir='ltr'>peccent,</span> <span class='ocrx_word' id='word_1_362' title='bbox 855 2298 935 2360; x_wconf 84' lang='lat' dir='ltr'>puta,</span> <span class='ocrx_word' id='word_1_363' title='bbox 947 2287 971 2341; x_wconf 88' lang='lat' dir='ltr'>si</span> <span class='ocrx_word' id='word_1_364' title='bbox 1022 2287 1067 2342; x_wconf 87' lang='lat' dir='ltr'>tia.</span> <span class='ocrx_word' id='word_1_365' title='bbox 1086 2291 1201 2344; x_wconf 79' lang='lat' dir='ltr'>deterno</span> <span class='ocrx_word' id='word_1_366' title='bbox 1219 2289 1347 2356; x_wconf 78' lang='lat' dir='ltr'>Numidi,</span> <span class='ocrx_word' id='word_1_367' title='bbox 1365 2291 1409 2344; x_wconf 82' lang='lat' dir='ltr'>uui</span> <span class='ocrx_word' id='word_1_368' title='bbox 1426 2289 1476 2346; x_wconf 84' lang='lat' dir='ltr'>iton</span> <span class='ocrx_word' id='word_1_369' title='bbox 1500 2289 1683 2364; x_wconf 87' lang='lat' dir='ltr'>suspicaturus</span> <span class='ocrx_word' id='word_1_370' title='bbox 1701 2288 1837 2361; x_wconf 86' lang='lat' dir='ltr'>supplices</span> 
     </span>
     <span class='ocr_line' id='line_1_26' title="bbox 154 2371 1841 2452; baseline -0.005 -18"><span class='ocrx_word' id='word_1_371' title='bbox 154 2381 212 2435; x_wconf 88' lang='lat' dir='ltr'>dolo</span> <span class='ocrx_word' id='word_1_372' title='bbox 230 2377 307 2434; x_wconf 85' lang='lat' dir='ltr'>malo</span> <span class='ocrx_word' id='word_1_373' title='bbox 325 2375 496 2430; x_wconf 74' lang='lat' dir='ltr'>facultatibus</span> <span class='ocrx_word' id='word_1_374' title='bbox 514 2376 570 2429; x_wconf 85' lang='lat' dir='ltr'>suis</span> <span class='ocrx_word' id='word_1_375' title='bbox 587 2374 744 2441; x_wconf 80' lang='lat' dir='ltr'>ebutnutur,</span> <span class='ocrx_word' id='word_1_376' title='bbox 755 2391 788 2426; x_wconf 90' lang='lat' dir='ltr'>ne</span> <span class='ocrx_word' id='word_1_377' title='bbox 800 2371 916 2426; x_wconf 89' lang='lat' dir='ltr'>solidum</span> <span class='ocrx_word' id='word_1_378' title='bbox 928 2371 973 2426; x_wconf 87' lang='lat' dir='ltr'>da·</span> <span class='ocrx_word' id='word_1_379' title='bbox 1022 2389 1114 2444; x_wconf 79' lang='lat' dir='ltr'>preces</span> <span class='ocrx_word' id='word_1_380' title='bbox 1130 2373 1232 2442; x_wconf 86' lang='lat' dir='ltr'>ubtuli,</span> <span class='ocrx_word' id='word_1_381' title='bbox 1250 2393 1322 2430; x_wconf 90' lang='lat' dir='ltr'>nunc</span> <span class='ocrx_word' id='word_1_382' title='bbox 1344 2385 1465 2432; x_wconf 80' lang='lat' dir='ltr'>aeternas</span> <span class='ocrx_word' id='word_1_383' title='bbox 1489 2375 1576 2434; x_wconf 77' lang='lat' dir='ltr'>offero</span> <span class='ocrx_word' id='word_1_384' title='bbox 1598 2373 1716 2452; x_wconf 74' lang='lat' dir='ltr'>pretias,</span> <span class='ocrx_word' id='word_1_385' title='bbox 1735 2393 1751 2426; x_wconf 85' lang='lat' dir='ltr'>s</span> <span class='ocrx_word' id='word_1_386' title='bbox 1767 2376 1841 2444; x_wconf 73' lang='lat' dir='ltr'>cuijus</span> 
     </span>
     <span class='ocr_line' id='line_1_27' title="bbox 150 2455 1845 2535; baseline -0.007 -15"><span class='ocrx_word' id='word_1_387' title='bbox 150 2463 235 2520; x_wconf 90' lang='lat' dir='ltr'>bitum</span> <span class='ocrx_word' id='word_1_388' title='bbox 258 2464 362 2517; x_wconf 81' lang='lat' dir='ltr'>solvere</span> <span class='ocrx_word' id='word_1_389' title='bbox 374 2461 488 2535; x_wconf 75' lang='lat' dir='ltr'>possint,</span> <span class='ocrx_word' id='word_1_390' title='bbox 504 2461 533 2515; x_wconf 93' lang='lat' dir='ltr'>in</span> <span class='ocrx_word' id='word_1_391' title='bbox 546 2457 661 2516; x_wconf 86' lang='lat' dir='ltr'>solidum</span> <span class='ocrx_word' id='word_1_392' title='bbox 674 2455 848 2514; x_wconf 86' lang='lat' dir='ltr'>condemnari</span> <span class='ocrx_word' id='word_1_393' title='bbox 860 2455 971 2524; x_wconf 86' lang='lat' dir='ltr'>debent,</span> <span class='ocrx_word' id='word_1_394' title='bbox 1022 2457 1209 2514; x_wconf 86' lang='lat' dir='ltr'>benedictione</span> <span class='ocrx_word' id='word_1_395' title='bbox 1232 2456 1334 2516; x_wconf 84' lang='lat' dir='ltr'>laboris</span> <span class='ocrx_word' id='word_1_396' title='bbox 1356 2459 1437 2529; x_wconf 81' lang='lat' dir='ltr'>bajus</span> <span class='ocrx_word' id='word_1_397' title='bbox 1461 2460 1591 2534; x_wconf 88' lang='lat' dir='ltr'>pependit</span> <span class='ocrx_word' id='word_1_398' title='bbox 1621 2455 1760 2522; x_wconf 81' lang='lat' dir='ltr'>initium,</span> <span class='ocrx_word' id='word_1_399' title='bbox 1787 2471 1845 2508; x_wconf 87' lang='lat' dir='ltr'>mc-</span> 
     </span>
     <span class='ocr_line' id='line_1_28' title="bbox 150 2537 1148 2618; baseline -0.005 -16"><span class='ocrx_word' id='word_1_400' title='bbox 150 2547 185 2602; x_wconf 87' lang='lat' dir='ltr'>ita</span> <span class='ocrx_word' id='word_1_401' title='bbox 203 2546 316 2617; x_wconf 81' lang='lat' dir='ltr'>jubente</span> <span class='ocrx_word' id='word_1_402' title='bbox 332 2543 352 2597; x_wconf 77' lang='grc' dir='ltr'><strong>ἱ.</strong></span> <span class='ocrx_word' id='word_1_403' title='bbox 365 2543 452 2616; x_wconf 64' lang='lat' dir='ltr'>ruff</span> <span class='ocrx_word' id='word_1_404' title='bbox 465 2543 605 2618; x_wconf 83' lang='lat' dir='ltr'>derejud.</span> <span class='ocrx_word' id='word_1_405' title='bbox 618 2543 798 2606; x_wconf 70' lang='lat' dir='ltr'>ineruerent.</span> <span class='ocrx_word' id='word_1_406' title='bbox 810 2554 853 2598; x_wconf 83' lang='lat' dir='ltr'>tt.</span> <span class='ocrx_word' id='word_1_407' title='bbox 865 2541 888 2609; x_wconf 90' lang='lat'>§.</span> <span class='ocrx_word' id='word_1_408' title='bbox 902 2537 971 2608; x_wconf 76' lang='lat' dir='ltr'>⁷·ff·</span> <span class='ocrx_word' id='word_1_409' title='bbox 1026 2543 1101 2598; x_wconf 90' lang='lat' dir='ltr'>dium</span> <span class='ocrx_word' id='word_1_410' title='bbox 1120 2553 1148 2598; x_wconf 90' lang='lat' dir='ltr'>et</span> 
     </span>
     <span class='ocr_line' id='line_1_29' title="bbox 152 2621 977 2700; baseline -0.016 -12"><span class='ocrx_word' id='word_1_411' title='bbox 152 2649 259 2700; x_wconf 68' lang='lat' dir='ltr'>merce.</span> <span class='ocrx_word' id='word_1_412' title='bbox 273 2631 290 2684; x_wconf 87' lang='lat' dir='ltr'>t.</span> <span class='ocrx_word' id='word_1_413' title='bbox 305 2647 364 2686; x_wconf 82' lang='lat' dir='ltr'>reru</span> <span class='ocrx_word' id='word_1_414' title='bbox 382 2629 412 2686; x_wconf 86' lang='lat' dir='ltr'>iu</span> <span class='ocrx_word' id='word_1_415' title='bbox 427 2627 575 2699; x_wconf 78' lang='lat' dir='ltr'>praesenti.</span> <span class='ocrx_word' id='word_1_416' title='bbox 591 2639 614 2682; x_wconf 91' lang='grc' dir='ltr'>ι.</span> <span class='ocrx_word' id='word_1_417' title='bbox 624 2635 648 2692; x_wconf 76' lang='grc' dir='ltr'><strong>ς.</strong></span> <span class='ocrx_word' id='word_1_418' title='bbox 665 2645 727 2682; x_wconf 84' lang='lat' dir='ltr'>eum</span> <span class='ocrx_word' id='word_1_419' title='bbox 741 2637 842 2683; x_wconf 79' lang='lat' dir='ltr'>eurem.</span> <span class='ocrx_word' id='word_1_420' title='bbox 855 2643 878 2680; x_wconf 90' lang='lat' dir='ltr'>c.</span> <span class='ocrx_word' id='word_1_421' title='bbox 890 2623 924 2678; x_wconf 84' lang='lat' dir='ltr'>de</span> <span class='ocrx_word' id='word_1_422' title='bbox 935 2621 977 2676; x_wconf 85' lang='lat' dir='ltr'>rei</span> 
     </span>
     <span class='ocr_line' id='line_1_30' title="bbox 153 2715 1524 2774; baseline -0.004 -1"><span class='ocrx_word' id='word_1_423' title='bbox 153 2727 305 2774; x_wconf 74' lang='lat' dir='ltr'>mr-uct·</span> <span class='ocrx_word' id='word_1_424' title='bbox 1343 2715 1470 2772; x_wconf 75' lang='grc' dir='ltr'>ΗΝ]</span> <span class='ocrx_word' id='word_1_425' title='bbox 1496 2719 1524 2774; x_wconf 85' lang='lat' dir='ltr'>S.</span> 
     </span>
    </p>
   </div>
   <div class='ocr_carea' id='block_1_3' title="bbox 419 2985 1596 3334">
    <p class='ocr_par' dir='ltr' id='par_1_3' title="bbox 419 2985 1596 3334">
     <span class='ocr_line' id='line_1_31' title="bbox 523 2985 1465 3068; baseline -0.001 -3"><span class='ocrx_word' id='word_1_426' title='bbox 523 2985 1080 3068; x_wconf 72' lang='lat' dir='ltr'>ntsrtt&#39;rnrto</span> <span class='ocrx_word' id='word_1_427' title='bbox 1130 2987 1465 3066; x_wconf 76' lang='lat' dir='ltr'><strong>DECIMA</strong></span> 
     </span>
     <span class='ocr_line' id='line_1_32' title="bbox 419 3185 1596 3334; baseline 0.006 -32"><span class='ocrx_word' id='word_1_428' title='bbox 419 3188 521 3302; x_wconf 86' lang='lat' dir='ltr'>uu</span> <span class='ocrx_word' id='word_1_429' title='bbox 556 3187 718 3305; x_wconf 86' lang='grc' dir='ltr'>ιιι</span> <span class='ocrx_word' id='word_1_430' title='bbox 751 3185 905 3334; x_wconf 88' lang='grc' dir='ltr'>ιιι</span> <span class='ocrx_word' id='word_1_431' title='bbox 940 3185 1174 3302; x_wconf 81' lang='lat' dir='ltr'>aunan</span> <span class='ocrx_word' id='word_1_432' title='bbox 1211 3185 1596 3310; x_wconf 86' lang='grc' dir='ltr'><strong>ιιιιιιιιι.</strong></span> 
     </span>
    </p>
   </div>
   <div class='ocr_carea' id='block_1_4' title="bbox 725 3437 1277 3488">
    <p class='ocr_par' dir='ltr' id='par_1_4' title="bbox 725 3437 1277 3488">
     <span class='ocr_line' id='line_1_33' title="bbox 725 3437 1277 3488; baseline -0.005 -2"><span class='ocrx_word' id='word_1_433' title='bbox 725 3443 757 3487; x_wconf 73' lang='grc' dir='ltr'><strong>Β.</strong></span> <span class='ocrx_word' id='word_1_434' title='bbox 780 3441 858 3488; x_wconf 70' lang='lat' dir='ltr'>XXV·</span> <span class='ocrx_word' id='word_1_435' title='bbox 881 3441 971 3486; x_wconf 72' lang='lat' dir='ltr'>ml·</span> <span class='ocrx_word' id='word_1_436' title='bbox 993 3437 1078 3484; x_wconf 66' lang='lat' dir='ltr'>liiiio</span> <span class='ocrx_word' id='word_1_437' title='bbox 1101 3441 1277 3484; x_wconf 69' lang='lat' dir='ltr'>llicuul·</span> 
     </span>
    </p>
   </div>
   <div class='ocr_carea' id='block_1_5' title="bbox 804 3539 1199 3658">
    <p class='ocr_par' dir='ltr' id='par_1_5' title="bbox 804 3539 1199 3658">
     <span class='ocr_line' id='line_1_34' title="bbox 804 3539 1199 3658; baseline -0.005 -1"><span class='ocrx_word' id='word_1_438' title='bbox 804 3539 1199 3658; x_wconf 38' lang='lat' dir='ltr'>austeritater}</span> 
     </span>
    </p>
   </div>
   <div class='ocr_carea' id='block_1_6' title="bbox 607 3775 1410 3984">
    <p class='ocr_par' dir='ltr' id='par_1_6' title="bbox 607 3775 1410 3984">
     <span class='ocr_line' id='line_1_35' title="bbox 607 3775 1410 3860; baseline 0 -14"><span class='ocrx_word' id='word_1_439' title='bbox 607 3775 799 3846; x_wconf 75' lang='lat' dir='ltr'>canoto</span> <span class='ocrx_word' id='word_1_440' title='bbox 821 3775 1084 3849; x_wconf 79' lang='lat' dir='ltr'>Fttlmttttco</span> <span class='ocrx_word' id='word_1_441' title='bbox 1108 3779 1138 3848; x_wconf 78' lang='lat' dir='ltr'>d</span> <span class='ocrx_word' id='word_1_442' title='bbox 1161 3775 1410 3860; x_wconf 71' lang='lat' dir='ltr'>sttntttttt&#39;Z,</span> 
     </span>
     <span class='ocr_line' id='line_1_36' title="bbox 862 3907 1142 3984; baseline 0.007 -22"><span class='ocrx_word' id='word_1_443' title='bbox 862 3907 945 3984; x_wconf 75' lang='lat' dir='ltr'>spu.</span> <span class='ocrx_word' id='word_1_444' title='bbox 965 3910 1142 3968; x_wconf 81' lang='grc' dir='ltr'><strong>ιιιιιιιιι.</strong></span> 
     </span>
    </p>
   </div>
   <div class='ocr_carea' id='block_1_7' title="bbox 731 4091 1290 4140">
    <p class='ocr_par' dir='ltr' id='par_1_7' title="bbox 731 4091 1290 4140">
     <span class='ocr_line' id='line_1_37' title="bbox 731 4091 1290 4140; baseline 0.004 -20"><span class='ocrx_word' id='word_1_445' title='bbox 731 4091 1290 4140; x_wconf 53' lang='grc' dir='ltr'>ψ</span> 
     </span>
    </p>
   </div>
   <div class='ocr_carea' id='block_1_8' title="bbox 814 4247 1204 4322">
    <p class='ocr_par' dir='ltr' id='par_1_8' title="bbox 814 4247 1204 4322">
     <span class='ocr_line' id='line_1_38' title="bbox 814 4247 1204 4322; baseline 0 -4"><span class='ocrx_word' id='word_1_446' title='bbox 814 4247 851 4318; x_wconf 91' lang='grc'><strong>1.</strong></span> <span class='ocrx_word' id='word_1_447' title='bbox 876 4247 924 4318; x_wconf 81' lang='lat' dir='ltr'>tt.</span> <span class='ocrx_word' id='word_1_448' title='bbox 950 4249 1003 4319; x_wconf 86' lang='lat' dir='ltr'>D.</span> <span class='ocrx_word' id='word_1_449' title='bbox 1028 4249 1074 4319; x_wconf 79' lang='lat' dir='ltr'>li.</span> <span class='ocrx_word' id='word_1_450' title='bbox 1098 4249 1137 4321; x_wconf 83' lang='lat' dir='ltr'>J.</span> <span class='ocrx_word' id='word_1_451' title='bbox 1162 4251 1204 4322; x_wconf 85' lang='lat' dir='ltr'>C.</span> 
     </span>
    </p>
   </div>
   <div class='ocr_carea' id='block_1_9' title="bbox 158 4385 1853 5076">
    <p class='ocr_par' dir='ltr' id='par_1_9' title="bbox 158 4385 1853 5076">
     <span class='ocr_line' id='line_1_39' title="bbox 160 4385 1851 4530; baseline -0.002 -21"><span class='ocrx_word' id='word_1_452' title='bbox 160 4385 274 4518; x_wconf 82' lang='lat' dir='ltr'>Non</span> <span class='ocrx_word' id='word_1_453' title='bbox 299 4437 411 4506; x_wconf 88' lang='lat' dir='ltr'>minus</span> <span class='ocrx_word' id='word_1_454' title='bbox 434 4433 482 4502; x_wconf 88' lang='lat' dir='ltr'>rei</span> <span class='ocrx_word' id='word_1_455' title='bbox 509 4433 639 4502; x_wconf 87' lang='lat' dir='ltr'>ublicsa</span> <span class='ocrx_word' id='word_1_456' title='bbox 663 4430 822 4526; x_wconf 75' lang='lat' dir='ltr'>expedit,</span> <span class='ocrx_word' id='word_1_457' title='bbox 845 4443 884 4499; x_wconf 91' lang='lat' dir='ltr'>ut</span> <span class='ocrx_word' id='word_1_458' title='bbox 906 4431 1030 4524; x_wconf 90' lang='lat' dir='ltr'>aliquis</span> <span class='ocrx_word' id='word_1_459' title='bbox 1052 4437 1127 4526; x_wconf 85' lang='lat' dir='ltr'>jure</span> <span class='ocrx_word' id='word_1_460' title='bbox 1149 4456 1210 4503; x_wconf 87' lang='lat' dir='ltr'>sno</span> <span class='ocrx_word' id='word_1_461' title='bbox 1233 4447 1367 4520; x_wconf 89' lang='lat' dir='ltr'>utatur,</span> <span class='ocrx_word' id='word_1_462' title='bbox 1391 4459 1495 4530; x_wconf 89' lang='lat' dir='ltr'>qnam</span> <span class='ocrx_word' id='word_1_463' title='bbox 1518 4459 1562 4505; x_wconf 92' lang='lat' dir='ltr'>ne</span> <span class='ocrx_word' id='word_1_464' title='bbox 1588 4435 1648 4504; x_wconf 89' lang='lat' dir='ltr'>illo</span> <span class='ocrx_word' id='word_1_465' title='bbox 1674 4435 1851 4525; x_wconf 70' lang='lat' dir='ltr'>abntatnrt</span> 
     </span>
     <span class='ocr_line' id='line_1_40' title="bbox 158 4458 1853 4621; baseline -0.017 -20"><span class='ocrx_word' id='word_1_466' title='bbox 158 4549 346 4621; x_wconf 84' lang='lat' dir='ltr'>utrumque</span> <span class='ocrx_word' id='word_1_467' title='bbox 369 4458 573 4618; x_wconf 71' lang='lat' dir='ltr'>reipubiieae</span> <span class='ocrx_word' id='word_1_468' title='bbox 596 4526 736 4592; x_wconf 83' lang='lat' dir='ltr'>noxium</span> <span class='ocrx_word' id='word_1_469' title='bbox 758 4545 848 4604; x_wconf 87' lang='lat' dir='ltr'>esse,</span> <span class='ocrx_word' id='word_1_470' title='bbox 870 4545 888 4588; x_wconf 87' lang='grc' dir='ltr'>ι</span> <span class='ocrx_word' id='word_1_471' title='bbox 934 4524 1019 4592; x_wconf 76' lang='lat' dir='ltr'>uelis</span> <span class='ocrx_word' id='word_1_472' title='bbox 1041 4527 1241 4618; x_wconf 81' lang='lat' dir='ltr'>privationis</span> <span class='ocrx_word' id='word_1_473' title='bbox 1263 4551 1369 4620; x_wconf 75' lang='lat' dir='ltr'>poena</span> <span class='ocrx_word' id='word_1_474' title='bbox 1392 4527 1530 4620; x_wconf 64' lang='lat' dir='ltr'>utrique</span> <span class='ocrx_word' id='word_1_475' title='bbox 1552 4529 1752 4620; x_wconf 57' lang='lat' dir='ltr'>pmfipta</span> <span class='ocrx_word' id='word_1_476' title='bbox 1773 4529 1853 4597; x_wconf 49' lang='grc' dir='ltr'>,ὡς</span> 
     </span>
     <span class='ocr_line' id='line_1_41' title="bbox 159 4545 1851 4773; baseline -0.01 -84"><span class='ocrx_word' id='word_1_477' title='bbox 159 4623 297 4703; x_wconf 84' lang='lat' dir='ltr'>innuit,</span> <span class='ocrx_word' id='word_1_478' title='bbox 305 4643 371 4713; x_wconf 88' lang='lat' dir='ltr'>qna</span> <span class='ocrx_word' id='word_1_479' title='bbox 382 4619 419 4686; x_wconf 93' lang='lat' dir='ltr'>in</span> <span class='ocrx_word' id='word_1_480' title='bbox 428 4617 486 4686; x_wconf 89' lang='lat' dir='ltr'>illo</span> <span class='ocrx_word' id='word_1_481' title='bbox 494 4615 746 4773; x_wconf 58' lang='lat' dir='ltr'>nepligentiam,</span> <span class='ocrx_word' id='word_1_482' title='bbox 757 4613 854 4680; x_wconf 88' lang='lat' dir='ltr'>inhoe</span> <span class='ocrx_word' id='word_1_483' title='bbox 864 4545 1025 4682; x_wconf 53' lang='lat' dir='ltr'>meridiam</span> <span class='ocrx_word' id='word_1_484' title='bbox 1044 4619 1116 4707; x_wconf 84' lang='lat' dir='ltr'>jura</span> <span class='ocrx_word' id='word_1_485' title='bbox 1133 4630 1241 4686; x_wconf 86' lang='lat' dir='ltr'>nostra</span> <span class='ocrx_word' id='word_1_486' title='bbox 1253 4619 1410 4712; x_wconf 82' lang='lat' dir='ltr'>puniunt</span> <span class='ocrx_word' id='word_1_487' title='bbox 1427 4617 1620 4712; x_wconf 80' lang='lat' dir='ltr'>Negleetnm</span> <span class='ocrx_word' id='word_1_488' title='bbox 1634 4631 1724 4687; x_wconf 67' lang='lat' dir='ltr'>uerte</span> <span class='ocrx_word' id='word_1_489' title='bbox 1736 4629 1851 4687; x_wconf 66' lang='lat' dir='ltr'>renim</span> 
     </span>
     <span class='ocr_line' id='line_1_42' title="bbox 159 4704 1852 4804; baseline -0.002 -23"><span class='ocrx_word' id='word_1_490' title='bbox 159 4734 301 4780; x_wconf 86' lang='lat' dir='ltr'>suarum</span> <span class='ocrx_word' id='word_1_491' title='bbox 316 4709 508 4802; x_wconf 86' lang='lat' dir='ltr'>proximum</span> <span class='ocrx_word' id='word_1_492' title='bbox 522 4731 541 4774; x_wconf 90' lang='lat' dir='ltr'>a</span> <span class='ocrx_word' id='word_1_493' title='bbox 580 4707 721 4774; x_wconf 88' lang='lat' dir='ltr'>abusum</span> <span class='ocrx_word' id='word_1_494' title='bbox 736 4726 852 4772; x_wconf 85' lang='lat' dir='ltr'>earnm</span> <span class='ocrx_word' id='word_1_495' title='bbox 869 4727 939 4774; x_wconf 85' lang='lat' dir='ltr'>esse</span> <span class='ocrx_word' id='word_1_496' title='bbox 950 4704 1089 4796; x_wconf 82' lang='lat' dir='ltr'>gradum</span> <span class='ocrx_word' id='word_1_497' title='bbox 1106 4709 1222 4801; x_wconf 84' lang='lat' dir='ltr'>negari</span> <span class='ocrx_word' id='word_1_498' title='bbox 1236 4711 1370 4802; x_wconf 86' lang='lat' dir='ltr'>nequit.</span> <span class='ocrx_word' id='word_1_499' title='bbox 1387 4708 1444 4779; x_wconf 89' lang='lat' dir='ltr'>Ob</span> <span class='ocrx_word' id='word_1_500' title='bbox 1455 4732 1558 4804; x_wconf 86' lang='lat' dir='ltr'>quam</span> <span class='ocrx_word' id='word_1_501' title='bbox 1572 4733 1702 4778; x_wconf 79' lang='lat' dir='ltr'>musam</span> <span class='ocrx_word' id='word_1_502' title='bbox 1716 4719 1750 4776; x_wconf 89' lang='lat' dir='ltr'>et</span> <span class='ocrx_word' id='word_1_503' title='bbox 1767 4709 1852 4778; x_wconf 89' lang='lat' dir='ltr'>abn-</span> 
     </span>
     <span class='ocr_line' id='line_1_43' title="bbox 159 4797 1853 4892; baseline -0.009 -7"><span class='ocrx_word' id='word_1_504' title='bbox 159 4825 254 4884; x_wconf 65' lang='grc' dir='ltr'>ῡῠῐθῦ</span> <span class='ocrx_word' id='word_1_505' title='bbox 265 4800 471 4870; x_wconf 68' lang='lat' dir='ltr'>elineuriosi</span> <span class='ocrx_word' id='word_1_506' title='bbox 486 4815 521 4866; x_wconf 82' lang='lat' dir='ltr'>ct</span> <span class='ocrx_word' id='word_1_507' title='bbox 536 4797 740 4890; x_wconf 80' lang='lat' dir='ltr'>negligentes</span> <span class='ocrx_word' id='word_1_508' title='bbox 753 4817 863 4864; x_wconf 87' lang='lat' dir='ltr'>rernm</span> <span class='ocrx_word' id='word_1_509' title='bbox 879 4817 1036 4883; x_wconf 84' lang='lat' dir='ltr'>suarum,</span> <span class='ocrx_word' id='word_1_510' title='bbox 1051 4799 1184 4890; x_wconf 87' lang='lat' dir='ltr'>saepius</span> <span class='ocrx_word' id='word_1_511' title='bbox 1198 4797 1240 4866; x_wconf 89' lang='lat' dir='ltr'>ad</span> <span class='ocrx_word' id='word_1_512' title='bbox 1255 4799 1407 4868; x_wconf 87' lang='lat' dir='ltr'>eamdem</span> <span class='ocrx_word' id='word_1_513' title='bbox 1420 4799 1520 4892; x_wconf 87' lang='lat' dir='ltr'>prodi</span> <span class='ocrx_word' id='word_1_514' title='bbox 1564 4823 1639 4868; x_wconf 90' lang='lat' dir='ltr'>rum</span> <span class='ocrx_word' id='word_1_515' title='bbox 1658 4799 1853 4869; x_wconf 86' lang='lat' dir='ltr'>reseruntur</span> 
     </span>
     <span class='ocr_line' id='line_1_44' title="bbox 159 4823 1849 4984; baseline -0.008 -23"><span class='ocrx_word' id='word_1_516' title='bbox 159 4891 312 4961; x_wconf 83' lang='grc' dir='ltr'><strong>ιΙιιιιιι.</strong></span> <span class='ocrx_word' id='word_1_517' title='bbox 339 4887 582 4984; x_wconf 81' lang='lat' dir='ltr'>Negligentism</span> <span class='ocrx_word' id='word_1_518' title='bbox 610 4909 765 4980; x_wconf 83' lang='lat' dir='ltr'>magnam</span> <span class='ocrx_word' id='word_1_519' title='bbox 792 4885 924 4979; x_wconf 88' lang='lat' dir='ltr'>eulpam</span> <span class='ocrx_word' id='word_1_520' title='bbox 947 4909 1040 4972; x_wconf 84' lang='lat' dir='ltr'>esce,</span> <span class='ocrx_word' id='word_1_521' title='bbox 1067 4911 1223 4982; x_wconf 83' lang='lat' dir='ltr'>magnam</span> <span class='ocrx_word' id='word_1_522' title='bbox 1251 4913 1330 4960; x_wconf 80' lang='lat' dir='ltr'>reno</span> <span class='ocrx_word' id='word_1_523' title='bbox 1355 4891 1489 4984; x_wconf 85' lang='lat' dir='ltr'>eulpam</span> <span class='ocrx_word' id='word_1_524' title='bbox 1516 4823 1629 4957; x_wconf 57' lang='lat' dir='ltr'>titilum</span> <span class='ocrx_word' id='word_1_525' title='bbox 1660 4913 1744 4974; x_wconf 79' lang='lat' dir='ltr'>esse,</span> <span class='ocrx_word' id='word_1_526' title='bbox 1772 4889 1849 4982; x_wconf 67' lang='lat' dir='ltr'>jum</span> 
     </span>
     <span class='ocr_line' id='line_1_45' title="bbox 159 4977 1849 5076; baseline -0.001 -26"><span class='ocrx_word' id='word_1_527' title='bbox 159 4978 650 5052; x_wconf 74' lang='lat' dir='ltr'>nomtnmteanr.1’untieue</span> <span class='ocrx_word' id='word_1_528' title='bbox 666 5001 802 5072; x_wconf 90' lang='lat' dir='ltr'>qnoque</span> <span class='ocrx_word' id='word_1_529' title='bbox 814 4977 903 5072; x_wconf 83' lang='lat' dir='ltr'>leges</span> <span class='ocrx_word' id='word_1_530' title='bbox 916 5001 983 5046; x_wconf 93' lang='lat' dir='ltr'>non</span> <span class='ocrx_word' id='word_1_531' title='bbox 1001 4977 1146 5048; x_wconf 88' lang='lat' dir='ltr'>inultam</span> <span class='ocrx_word' id='word_1_532' title='bbox 1159 4979 1360 5072; x_wconf 86' lang='lat' dir='ltr'>relinquunt</span> <span class='ocrx_word' id='word_1_533' title='bbox 1373 4981 1457 5051; x_wconf 84' lang='lat' dir='ltr'>circa</span> <span class='ocrx_word' id='word_1_534' title='bbox 1474 4977 1678 5076; x_wconf 81' lang='lat' dir='ltr'>indagandas</span> <span class='ocrx_word' id='word_1_535' title='bbox 1696 5005 1751 5050; x_wconf 89' lang='lat' dir='ltr'>res</span> <span class='ocrx_word' id='word_1_536' title='bbox 1773 5003 1849 5052; x_wconf 83' lang='lat' dir='ltr'>ruas</span> 
     </span>
    </p>
   </div>
   <div class='ocr_carea' id='block_1_10' title="bbox 162 5067 1852 5230">
    <p class='ocr_par' dir='ltr' id='par_1_10' title="bbox 162 5067 1852 5230">
     <span class='ocr_line' id='line_1_46' title="bbox 162 5067 1852 5230; baseline 0 -90"><span class='ocrx_word' id='word_1_537' title='bbox 162 5073 351 5167; x_wconf 83' lang='lat' dir='ltr'>neglectam</span> <span class='ocrx_word' id='word_1_538' title='bbox 372 5071 609 5141; x_wconf 78' lang='lat' dir='ltr'>curiositatem.</span> <span class='ocrx_word' id='word_1_539' title='bbox 633 5067 706 5137; x_wconf 90' lang='lat' dir='ltr'>lmo</span> <span class='ocrx_word' id='word_1_540' title='bbox 730 5073 803 5162; x_wconf 78' lang='lat' dir='ltr'>jure</span> <span class='ocrx_word' id='word_1_541' title='bbox 826 5091 888 5136; x_wconf 91' lang='lat' dir='ltr'>suu</span> <span class='ocrx_word' id='word_1_542' title='bbox 910 5069 965 5138; x_wconf 88' lang='lat' dir='ltr'>rel</span> <span class='ocrx_word' id='word_1_543' title='bbox 987 5067 1136 5138; x_wconf 91' lang='lat' dir='ltr'>dominio</span> <span class='ocrx_word' id='word_1_544' title='bbox 1158 5089 1289 5140; x_wconf 83' lang='lat' dir='ltr'>exuunt</span> <span class='ocrx_word' id='word_1_545' title='bbox 1311 5071 1441 5166; x_wconf 83' lang='lat' dir='ltr'>saepius</span> <span class='ocrx_word' id='word_1_546' title='bbox 1462 5069 1587 5230; x_wconf 59' lang='grc' dir='ltr'><strong>ἱΙῙιιιιιᾶ</strong></span> <span class='ocrx_word' id='word_1_547' title='bbox 1597 5073 1659 5230; x_wconf 61' lang='lat' dir='ltr'>qdni</span> <span class='ocrx_word' id='word_1_548' title='bbox 1675 5075 1749 5166; x_wconf 84' lang='lat' dir='ltr'>jura</span> <span class='ocrx_word' id='word_1_549' title='bbox 1763 5073 1852 5168; x_wconf 83' lang='lat' dir='ltr'>rigi·</span> 
     </span>
    </p>
   </div>
   <div class='ocr_carea' id='block_1_11' title="bbox 163 5155 1854 5716">
    <p class='ocr_par' dir='ltr' id='par_1_11' title="bbox 163 5155 1854 5716">
     <span class='ocr_line' id='line_1_47' title="bbox 163 5155 1853 5274; baseline 0.002 -44"><span class='ocrx_word' id='word_1_550' title='bbox 163 5162 320 5271; x_wconf 79' lang='lat' dir='ltr'>lantibus</span> <span class='ocrx_word' id='word_1_551' title='bbox 341 5163 466 5272; x_wconf 75' lang='lat' dir='ltr'>apriptu</span> <span class='ocrx_word' id='word_1_552' title='bbox 485 5185 552 5268; x_wconf 80' lang='lat' dir='ltr'>esse</span> <span class='ocrx_word' id='word_1_553' title='bbox 566 5183 639 5227; x_wconf 90' lang='lat' dir='ltr'>non</span> <span class='ocrx_word' id='word_1_554' title='bbox 651 5159 806 5266; x_wconf 71' lang='lat' dir='ltr'>attendit.</span> <span class='ocrx_word' id='word_1_555' title='bbox 825 5155 926 5265; x_wconf 79' lang='lat' dir='ltr'>Qupd</span> <span class='ocrx_word' id='word_1_556' title='bbox 944 5160 1053 5254; x_wconf 89' lang='lat' dir='ltr'>ipsum</span> <span class='ocrx_word' id='word_1_557' title='bbox 1075 5161 1210 5231; x_wconf 87' lang='lat' dir='ltr'>firmum</span> <span class='ocrx_word' id='word_1_558' title='bbox 1232 5163 1404 5270; x_wconf 74' lang='lat' dir='ltr'>clypeum,</span> <span class='ocrx_word' id='word_1_559' title='bbox 1423 5184 1561 5268; x_wconf 68' lang='lat' dir='ltr'>quemn</span> <span class='ocrx_word' id='word_1_560' title='bbox 1632 5162 1853 5274; x_wconf 78' lang='lat' dir='ltr'>elendendam</span> 
     </span>
     <span class='ocr_line' id='line_1_48' title="bbox 163 5245 1854 5442; baseline 0.001 -30"><span class='ocrx_word' id='word_1_561' title='bbox 163 5245 1854 5442; x_wconf 56' lang='lat' dir='ltr'>trituraturistinnituremunerabuntur„intrenttt:</span> 
     </span>
     <span class='ocr_line' id='line_1_49' title="bbox 168 5431 1853 5594; baseline -0.001 -91"><span class='ocrx_word' id='word_1_562' title='bbox 168 5457 357 5525; x_wconf 87' lang='lat' dir='ltr'>poreusnm</span> <span class='ocrx_word' id='word_1_563' title='bbox 373 5434 592 5540; x_wconf 66' lang='lat' dir='ltr'>intermisero,</span> <span class='ocrx_word' id='word_1_564' title='bbox 608 5431 789 5526; x_wconf 86' lang='lat' dir='ltr'>repudium</span> <span class='ocrx_word' id='word_1_565' title='bbox 804 5457 857 5502; x_wconf 85' lang='lat' dir='ltr'>me</span> <span class='ocrx_word' id='word_1_566' title='bbox 870 5433 1102 5540; x_wconf 70' lang='lat' dir='ltr'>juriqnaesito</span> <span class='ocrx_word' id='word_1_567' title='bbox 1113 5433 1253 5544; x_wconf 73' lang='lat' dir='ltr'>dedisse,</span> <span class='ocrx_word' id='word_1_568' title='bbox 1265 5436 1547 5544; x_wconf 73' lang='lat' dir='ltr'>velprsesumnpt</span> <span class='ocrx_word' id='word_1_569' title='bbox 1554 5437 1646 5594; x_wconf 60' lang='lat' dir='ltr'>pura,</span> <span class='ocrx_word' id='word_1_570' title='bbox 1656 5435 1757 5507; x_wconf 86' lang='lat' dir='ltr'>velin</span> <span class='ocrx_word' id='word_1_571' title='bbox 1772 5457 1853 5543; x_wconf 83' lang='lat' dir='ltr'>pne·</span> 
     </span>
     <span class='ocr_line' id='line_1_50' title="bbox 163 5523 1853 5621; baseline 0.004 -32"><span class='ocrx_word' id='word_1_572' title='bbox 163 5545 244 5594; x_wconf 81' lang='lat' dir='ltr'>nam</span> <span class='ocrx_word' id='word_1_573' title='bbox 261 5546 314 5596; x_wconf 87' lang='lat' dir='ltr'>me</span> <span class='ocrx_word' id='word_1_574' title='bbox 323 5523 439 5596; x_wconf 76' lang='grc' dir='ltr'><strong>ιοὰιπι</strong></span> <span class='ocrx_word' id='word_1_575' title='bbox 447 5523 608 5593; x_wconf 73' lang='lat' dir='ltr'>mendasse</span> <span class='ocrx_word' id='word_1_576' title='bbox 623 5535 791 5594; x_wconf 84' lang='lat' dir='ltr'>statuunt.</span> <span class='ocrx_word' id='word_1_577' title='bbox 802 5523 966 5614; x_wconf 79' lang='lat' dir='ltr'>Quemvis</span> <span class='ocrx_word' id='word_1_578' title='bbox 975 5545 1043 5592; x_wconf 90' lang='lat' dir='ltr'>uon</span> <span class='ocrx_word' id='word_1_579' title='bbox 1053 5549 1182 5621; x_wconf 83' lang='lat' dir='ltr'>negem,</span> <span class='ocrx_word' id='word_1_580' title='bbox 1190 5526 1554 5620; x_wconf 85' lang='lat' dir='ltr'>alrudandudesmm</span> <span class='ocrx_word' id='word_1_581' title='bbox 1578 5525 1740 5595; x_wconf 83' lang='lat' dir='ltr'>ucendsm</span> <span class='ocrx_word' id='word_1_582' title='bbox 1749 5537 1853 5596; x_wconf 80' lang='lat' dir='ltr'>ettam</span> 
     </span>
     <span class='ocr_line' id='line_1_51' title="bbox 163 5613 1853 5716; baseline 0.006 -36"><span class='ocrx_word' id='word_1_583' title='bbox 163 5615 306 5687; x_wconf 77' lang='lat' dir='ltr'>mouisse</span> <span class='ocrx_word' id='word_1_584' title='bbox 321 5617 553 5712; x_wconf 73' lang='lat' dir='ltr'>legislatorem,</span> <span class='ocrx_word' id='word_1_585' title='bbox 566 5615 730 5686; x_wconf 76' lang='lat' dir='ltr'>libertatis</span> <span class='ocrx_word' id='word_1_586' title='bbox 742 5615 869 5684; x_wconf 86' lang='lat' dir='ltr'>scilicet</span> <span class='ocrx_word' id='word_1_587' title='bbox 882 5613 1029 5694; x_wconf 75' lang='lat' dir='ltr'>levorem</span> <span class='ocrx_word' id='word_1_588' title='bbox 1041 5665 1052 5705; x_wconf 88' lang='lat'>,</span> <span class='ocrx_word' id='word_1_589' title='bbox 1064 5641 1169 5711; x_wconf 83' lang='lat' dir='ltr'>quem</span> <span class='ocrx_word' id='word_1_590' title='bbox 1192 5619 1245 5688; x_wconf 91' lang='lat' dir='ltr'>nti</span> <span class='ocrx_word' id='word_1_591' title='bbox 1259 5621 1296 5690; x_wconf 92' lang='lat' dir='ltr'>in</span> <span class='ocrx_word' id='word_1_592' title='bbox 1312 5621 1386 5716; x_wconf 84' lang='lat' dir='ltr'>jure</span> <span class='ocrx_word' id='word_1_593' title='bbox 1401 5635 1694 5691; x_wconf 63' lang='lat' dir='ltr'>nortmannum</span> <span class='ocrx_word' id='word_1_594' title='bbox 1707 5641 1779 5689; x_wconf 84' lang='grc' dir='ltr'><strong>ιιιι</strong></span> <span class='ocrx_word' id='word_1_595' title='bbox 1792 5639 1853 5690; x_wconf 79' lang='lat' dir='ltr'>no·</span> 
     </span>
    </p>
   </div>
   <div class='ocr_carea' id='block_1_12' title="bbox 0 0 2226 6308">
    <p class='ocr_par' dir='ltr' id='par_1_12' title="bbox 0 0 2226 6308">
     <span class='ocr_line' id='line_1_52' title="bbox 0 0 2226 6308; baseline 0 8"><span class='ocrx_word' id='word_1_596' title='bbox 0 0 2226 6308; x_wconf 95' lang='lat' dir='ltr'> </span> 
     </span>
    </p>
   </div>
  </div>
 </body>
</html>
