4472 6280
425 233 476 306 547
969 229 1161 293 utst’mttr.
1183 237 1258 296 xtv.
1278 243 1399 302 carm
1418 247 1493 301 vltt.
1955 251 2004 324 641

371 328 426 384 tio:
446 345 503 398 quo
523 329 601 400 iecit,
618 333 692 404 qnod
711 336 915 391 matrimonium
934 335 967 389 sd
982 335 1194 404 morgaustiesro
1246 341 1443 410 praesumitur,
1457 342 1667 416 Crrpcomrta.
1680 361 1705 400 e.
1721 345 1762 412 td.
1775 345 1803 400 d.
1818 347 1864 402 25.
1880 363 1908 400 n.
1928 348 1955 402 8.
1972 349 1998 404 d.
2012 351 2052 404 ⁵0.

371 425 541 468 contractum
556 417 583 468 in
595 421 890 488 antiquisFraneorum
903 421 1009 494 legibus
1021 439 1057 475 un
1072 423 1196 494 mariage
1245 442 1275 479 n.
1289 424 1313 489 4,
1330 423 1458 480 conida.
1474 425 1562 484 rent.
1573 430 1598 482 in
1608 425 1681 484 diss.
1694 427 1811 504 depost.
1821 432 2053 491 sacraemnta.

370 515 389 553 a
403 513 577 572 morrguoge,
592 501 625 556 hs
637 519 661 555 e.
672 505 705 556 ad
717 505 758 573 id,
771 507 845 576 quod
857 509 919 577 quis
940 517 1074 574 tamquam
1089 521 1195 560 merce·
1248 523 1271 560 t.
1286 520 1352 563 sect.
1368 525 1394 562 a.
1408 513 1450 566 tie.
1466 513 1491 578 ζ.
1505 511 1531 584 ς.
1546 513 1591 578 45.
1610 511 1659 568 Est
1675 523 1763 568 suteru
1782 515 1939 585 huiusmodi
1952 525 2053 588 prelum

372 581 435 636 dem
449 587 544 638 mortis
558 603 638 638 crosa
657 595 747 659 rapit,
769 591 904 664 appellari
923 589 1025 645 scribat
1043 591 1138 659 Cujse.
1158 593 1197 646 od
1244 589 1279 644 de
1297 597 1482 663 morgsnnticn
1501 595 1643 654 odiosam:
1665 595 1721 648 imo
1740 599 1884 650 maximam
1904 599 2054 668 injustitiam

373 669 396 722 d.
410 666 453 720 26.
467 665 504 723 de
521 691 549 724 v.
569 689 595 726 o.
610 672 700 741 Atque
718 675 755 728 its
769 679 849 730 etism
864 679 1065 747 morgsnctieae
1078 677 1194 734 uerbum
1245 681 1389 733 continere
1402 682 1566 750 pronunciet
1586 681 1719 736 dissrott·
1739 683 1777 738 od
1793 697 1820 734 a.
1833 684 1862 755 j:
1882 681 1926 736 ad.
1939 701 2012 738 num.
2032 703 2053 741 t.

373 753 463 823 accipi
477 754 559 806 rideo
572 771 587 806 a
600 757 639 806 ltt.
654 755 689 808 de
703 757 767 812 llll.
783 758 823 816 nd
843 773 870 814 a.
879 761 910 832 s
930 759 974 812 ali.
996 778 1026 814 rr.
1048 776 1072 813 ι.
1086 759 1119 812 Et
1131 760 1193 815 dae.
1242 763 1365 834 Ideoque
1384 767 1511 835 restringi
1534 767 1620 836 magis
1639 783 1720 835 qoem
1744 767 1854 819 extendi
1874 767 1963 822 dehet.
1975 769 2055 837 atqu·

371 837 803 896 lllrarottnsmctrimoniumhoc
813 845 1193 900 scesleootrsctumadmor·
1244 848 1308 902 liiuc
1321 852 1548 906 consuetudinem
1568 851 1637 904 hauc
1652 849 1914 918 mediolanensium,
1925 867 1976 921 qua
1990 868 2056 906 uxor

372 929 442 986 iem,
455 923 518 992 λβ
531 919 575 973 ²6·
589 921 615 994 5.
629 924 743 978 mulier.
756 943 785 979 n.
802 944 828 978 r.
1243 933 1375 1004 ignobilis
1386 953 1450 988 cum
1467 935 1565 988 liberis
1577 935 1633 988 sois
1647 953 1661 986 a
1674 935 1850 988 successione
1862 935 1952 988 meriti
1971 936 2056 988 exclu-

407 1004 495 1072 Atque
507 1003 605 1058 dehoc
617 1017 696 1078 paeto
710 1011 806 1077 quaeri
821 1021 924 1080 potest:
941 1027 973 1064 an
986 1013 1048 1080 jure
1061 1014 1193 1066 ssxouico
1243 1017 1316 1070 ditur
1329 1057 1336 1084 ,
1358 1035 1409 1072 nec
1423 1027 1499 1072 estre
1518 1018 1689 1072 territorium
1701 1017 1812 1072 mediol.
1832 1018 1991 1073 sonandam
2002 1035 2057 1072 esse

370 1085 490 1141 foemina
503 1091 539 1142 ita
552 1093 710 1160 paciscens,
723 1091 1194 1168 dotalitioelgerndnereuuaciasse
1243 1104 1337 1157 sustlet
1349 1103 1389 1156 M.
1404 1102 1439 1157 de
1452 1101 1514 1157 lttt.
1528 1103 1567 1157 od
1575 1099 1607 1156 d.
1620 1118 1646 1155 e.
1661 1101 1705 1154 sd.
1719 1120 1749 1156 n.
1770 1103 1796 1170 4.
1818 1104 1844 1156 5.
1864 1099 2056 1172 decipiendum

371 1173 505 1226 eenseudu
519 1175 574 1229 siti
589 1177 676 1246 (dura
691 1180 763 1230 enim
783 1182 984 1252 morgengnbse
999 1193 1023 1237 et
1035 1184 1193 1239 comestibi·
1244 1187 1375 1239 seruerit
1390 1187 1526 1256 ejusmodi
1546 1193 1655 1256 pactum
1675 1186 1709 1240 de
1722 1187 1850 1256 portione
1869 1185 2018 1250 statutsris,
2036 1187 2056 1238 si

373 1256 458 1323 lium,
472 1267 500 1309 ut
519 1273 590 1326 quae
601 1259 743 1313 nobilibus
757 1272 860 1316 tsutum
874 1274 1048 1336 competunt,
1062 1264 1117 1320 hnc
1137 1283 1193 1320 non
1247 1265 1320 1322 forte
1334 1271 1438 1321 nullam
1453 1269 1544 1324 dotem
1555 1269 1589 1321 sd
1604 1270 1732 1322 maritum
1746 1269 1883 1332 attuleritr
1896 1269 1949 1320 uisi
1963 1269 1990 1319 in
2001 1283 2057 1336 spe·

371 1343 527 1412 pertinent)
539 1344 612 1411 quod
622 1346 774 1414 negandum
783 1359 863 1418 puto,
877 1353 941 1420 quia
953 1351 1195 1405 renunciessstnn·
1244 1354 1307 1422 cie,
1322 1371 1353 1407 se
1366 1365 1439 1408 certa
1456 1358 1584 1426 portione
1597 1372 1648 1426 pro
1662 1354 1788 1410 dotalitio
1801 1365 1826 1410 ct
1837 1353 1935 1426 gersdo
1954 1363 2057 1422 accepts

369 1433 426 1478 lum
440 1426 548 1479 ridetur
567 1427 617 1491 iis,
636 1445 707 1496 quac
725 1433 785 1498 jure
804 1431 994 1488 haereditario
1014 1445 1038 1489 et
1057 1434 1194 1490 beneficio
1243 1448 1396 1492 contentam
1422 1439 1484 1493 iore
1504 1439 1615 1493 dixerit.
1634 1439 1691 1494 Ubi
1711 1449 1815 1504 temen,
1832 1441 1854 1492 si
1877 1439 2058 1492 enormissims

371 1509 555 1562 successionis
568 1515 698 1566 exmariti
708 1515 788 1570 bonis
802 1518 872 1570 adse
882 1522 1033 1588 pervenire
1046 1519 1193 1576 debebant:
1244 1523 1316 1574 lsess
1330 1521 1410 1577 luerit
1425 1541 1514 1588 uxor,
1529 1533 1639 1593 pactum
1655 1523 1708 1576 hcc
1728 1523 1849 1578 rescindi
1870 1523 1986 1590 dehere,
2003 1541 2059 1576 sus·

371 1589 526 1645 dotalitium
540 1610 605 1648 reru
619 1606 643 1648 er
657 1599 853 1668 geradamjure
863 1603 978 1670 proprio
992 1603 1193 1672 capit,etquod
1241 1604 1286 1660 det
1297 1607 1420 1676 aequites
1429 1647 1437 1676 ,
1452 1607 1526 1662 eous.
1542 1625 1618 1678 supr.
1635 1625 1660 1664 c.
1678 1623 1703 1659 r·
1713 1607 1740 1680 5.
1754 1607 1798 1660 ali.

371 1675 441 1730 haec
461 1677 572 1745 iurand
593 1697 651 1732 eum
672 1682 839 1752 pertineant,
855 1685 1010 1740 dotalitium
1025 1687 1137 1754 quidem
1159 1703 1191 1740 ex

374 1764 501 1818 versione
524 1763 609 1832 dotis,
629 1767 729 1836 gerada
750 1785 832 1838 sero,
852 1771 927 1839 qnod
946 1771 1083 1823 cummuni
1109 1789 1192 1842 opera
1485 1771 1650 1828 80111)Εο
1666 1772 1813 1830 Glotttl.

375 1863 436 1902 eum
455 1865 516 1901 cum
534 1850 631 1902 marito
650 1855 865 1921 comparuerit,
886 1870 919 1906 ex
933 1870 988 1923 quo
1001 1853 1112 1906 domine
1132 1855 1191 1923 ejus

805 2059 1138 2182 tapsett'rnrto
1188 2063 1606 2162 DEGtMAQtJtttTn

642 2269 744 2381 dlii
781 2269 1339 2392 uuulddtldurtu
1374 2277 1801 2396 euidentius

787 2521 896 2633 [dd
929 2521 1190 2642 truella
1226 2524 1647 2652 ttlttttttuttttttl,

721 2743 1032 2814 OCCASIONE
1055 2745 1101 2816 L.
1131 2774 1158 2816 ι.
1170 2749 1216 2841 ff.
1240 2747 1285 2816 de
1308 2749 1398 2843 offic.
1418 2773 1555 2842 procur.
1580 2773 1714 2819 caesor.

909 2955 944 2997 n.
968 2955 1064 3001 xxrrr.
1089 2961 1179 3003 rusa.
1204 2965 1234 3005 s.
1259 2959 1294 3006 ο.
1319 2963 1348 3006 u.
1374 2949 1563 3004 uoccxx'xtt.

1019 3133 1415 3178 ΙΒδΡΟΠΠΗΗΒ

599 3275 737 3346 ΟΤΤΟ.
763 3277 1000 3352 BOGISLAO
1025 3283 1091 3353 DE
1116 3281 1379 3366 scflwuttlrt,
1404 3280 1577 3350 NOBILE
1601 3279 1839 3351 Pottssttatt.

935 3535 1493 3584 ψ

1055 3739 1371 3812 PRAEFAMEN.

382 3961 535 4126 Quum
560 4021 704 4091 arduum
728 4023 851 4108 nimis,
885 4047 1092 4118 magnaeque
1127 4023 1281 4092 fortunae
1309 4022 1496 4114 subjectum
1524 4047 1560 4092 rc
1584 4023 1687 4092 nandi
1717 4041 1834 4092 cuncta
1862 4045 1963 4112 unusq
1991 4045 2052 4092 uon

376 4127 492 4187 minus
516 4115 720 4205 imperanti,
746 4113 825 4181 lidos
854 4117 1064 4184 constituisse
1093 4115 1283 4196 ministros,
1308 4139 1410 4206 quam
1444 4047 1593 4208 reipubi.
1629 4113 1756 4181 bonum
1786 4115 1909 4184 habere
1940 4115 2056 4207 princi·

379 4231 473 4300 pem,
499 4206 640 4300 jurabit.
666 4205 860 4298 Utrumque
887 4207 1069 4298 imperium
1093 4217 1127 4272 et
1149 4205 1283 4273 firmum
1306 4217 1479 4274 conservat
1502 4218 1535 4272 et
1560 4205 1703 4294 stabileq
1724 4223 1765 4273 ut
1788 4206 1890 4273 moles
1913 4208 1982 4274 suia
2003 4205 2055 4271 de·

380 4302 496 4368 stitnta
521 4295 637 4364 fulcris
661 4297 745 4377 ruit,
769 4297 933 4364 restitutis
957 4297 1120 4388 resurgit,·
1146 4297 1192 4362 sic
1215 4319 1330 4362 casum
1354 4308 1477 4388 spectat
1494 4318 1581 4385 resp.
1600 4295 1759 4388 neglectis
1783 4297 1959 4380 ministris,
1975 4317 2053 4362 rens·

381 4389 524 4481 sumptis
547 4387 1017 4476 stabiliturqsitlicetuuum
1042 4387 1175 4478 imperii
1199 4409 1321 4478 corpus
1345 4390 1447 4454 unius
1470 4388 1584 4453 animo
1607 4385 1813 4492 regendum,
1846 4397 1885 4453 ut
1917 4387 1960 4455 eb
1991 4405 2054 4450 uno

382 4481 605 4574 gubernatore
630 4479 738 4559 nauis,
763 4495 797 4544 et
819 4479 861 4544 ab
886 4499 955 4543 uno
975 4477 1083 4568 capite
1108 4479 1256 4544 membra
1272 4501 1384 4584 ‘quant
1408 4476 1567 4633 plurima:
1593 4476 1700 4580 ipsius
1729 4479 1869 4582 iusuper
1898 4473 2053 4570 principis

383 4569 558 4661 vigilantia
590 4569 743 4647 omniurn
772 4591 921 4652 somnos,
953 4568 1103 4634 omnium
1136 4569 1242 4636 otium
1271 4594 1282 4634 r
1309 4571 1379 4634 sius
1420 4567 1521 4648 abor,
1552 4588 1707 4634 omnium
1750 4568 1898 4656 dentque
1927 4565 2054 4632 delicias
2115 4592 2119 4609 ·

385 4661 491 4766 ipsius
514 4657 580 4724 sola
603 4655 761 4723 defendat
784 4657 966 4745 industria3
990 4657 1074 4749 quid
1098 4670 1210 4728 tamen
1234 4592 1425 4742 difficilius,
1449 4679 1552 4749 quom
1577 4668 1625 4723 tot
1648 4657 1752 4748 capita
1778 4657 1820 4723 ab
1844 4681 1913 4725 uuo
1934 4675 2054 4722 coerce-

382 4776 430 4832 rr,
454 4760 648 4838 tantamque
673 4747 949 4830 multitudinem,
973 4747 1162 4841 inquietam
1186 4747 1401 4840 pierumque,
1424 4745 1628 4828 discordem,
1645 4760 1679 4814 et
1695 4745 1881 4826 turbidam,
1897 4745 1960 4814 aab
1973 4767 2055 4810 cour·

385 4839 480 4908 muni
505 4836 619 4941 aliquo
641 4837 812 4905 continere
834 4836 1047 4904 obedieutiae
1071 4835 1174 4931 jugo?
1196 4837 1292 4928 Quid
1318 4839 1550 4920 communius,
1575 4859 1681 4926 quam
1705 4837 1798 4930 quod
1821 4859 1938 4930 magna
1962 4853 2053 4922 aeger

385 4931 431 4998 tia
457 4949 585 5018 magnis
607 4945 727 5018 egeant
748 4925 981 5018 adjutoribus?
1003 4928 1105 5019 Quod
1127 4930 1238 4996 omnia
1262 4951 1344 4998 aero
1366 4927 1618 5020 comprabatum
1631 4977 1641 5009 ,
1664 4951 1743 4995 cum
1774 4948 1848 4992 raro
1875 4924 2053 4994 eminentes

385 5041 454 5088 non
477 5016 608 5107 magnis
629 5015 670 5082 od
694 5018 945 5110 gubernandam
969 5017 1136 5087 fortunam
1160 5019 1212 5086 nsi
1245 5018 1376 5085 suerint
1410 5017 1591 5098 ministris,
1628 5015 1782 5110 exemplo
1813 5037 1874 5083 suo
1904 5013 1983 5080 aiios
2006 5011 2053 5075 in·

383 5105 522 5180 struend
544 5129 564 5189 g,
587 5109 814 5199 principatum
840 5107 1064 5179 administrari
1089 5113 1194 5192 bene,
1217 5121 1250 5177 et
1272 5108 1411 5176 firmiter
1433 5107 1622 5175 conservari
1655 5131 1723 5176 noo
1758 5129 1850 5196 posse
1881 5105 1952 5174 sine
1981 5097 2055 5166 lide-

384 5201 470 5269 lium
554 5198 740 5267 'nistrorum
772 5199 917 5286 auxilior
953 5223 1031 5267 cum
1061 5223 1288 5292 unaquaeque
1309 5197 1496 5266 dominatio
1520 5197 1678 5265 molestiis
1708 5197 1778 5280 stris
1807 5197 1929 5264 referta
1961 5211 2053 5284 quant

410 5290 569 5374 lurimis,
592 5287 635 5355 ad
657 5313 742 5382 ques
764 5289 921 5359 levandas
944 5291 1182 5384 requiruntur,
1206 5291 1268 5383 qui
1295 5311 1362 5355 una
1386 5311 1463 5356 cum
1488 5287 1640 5380 principe
1689 5311 1725 5356 ro
1749 5287 1882 5378 publica
1898 5282 1998 5354 salute
2013 5277 2056 5345 la·

384 5313 521 5460 iurent,
545 5377 771 5474 eumdemque
787 5393 818 5448 el
835 5405 898 5474 ope
920 5381 1096 5451 sublevent
1119 5395 1151 5449 et
1174 5380 1334 5460 consilio:
1359 5377 1564 5446 consiliarios
1589 5313 1759 5470 inteliigm
1775 5371 2055 5468 practecioaatios-

384 5499 450 5568 que
477 5471 648 5553 officiales,
677 5471 802 5566 quibus
825 5497 955 5540 summa
978 5469 1182 5566 quandoque
1204 5470 1346 5564 reipubl.
1371 5469 1613 5551 committitur,
1638 5474 1726 5562 justa
1749 5467 1923 5559 Papinian.
1960 5467 1996 5530 in
2026 5459 2050 5523 l·

385 5565 583 5654 municipes.
610 5561 662 5649 14.
676 5561 724 5654 ff
748 5561 797 5631 ud
818 5564 978 5655 municip.
1004 5575 1037 5630 et
1060 5587 1143 5656 quos
1167 5563 1332 5654 principes
1359 5561 1531 5652 tamquam
1555 5579 1682 5652 partem
1713 5557 1858 5715 corporis
1889 5555 2054 5654 aestimant

387 5658 413 5724 1.
440 5659 469 5725 5.
484 5679 536 5749 pr.
561 5679 588 5722 c.
612 5653 711 5723 adt.
728 5655 796 5748 jai.
821 5655 901 5746 maj.
927 5653 1059 5748 quique
1086 5655 1175 5722 reiut
1200 5653 1282 5721 radii
1302 5677 1318 5721 a
1336 5651 1403 5721 sole
1420 5651 1528 5720 emissi
1554 5663 1671 5721 cuncta
1697 5649 1875 5742 imperat,
1900 5667 1941 5712 ne
1965 5659 2052 5736 qute-
