4476 6274
410 254 460 325 c„
987 247 1177 306 utsrursr.
1196 243 1267 304 xvt.
1286 248 1403 308 claun
1420 253 1440 306 ι.
1933 253 1986 326 ⁶92

354 352 467 408 atissiml
487 362 512 408 et
529 349 668 426 periculosi
688 357 796 408 eventus
813 363 844 404 ac
861 355 953 404 contra
975 345 1060 402 boum
1088 365 1173 402 mores
1226 346 1323 402 sandali
1342 349 1468 404 saxonico
1486 359 1592 405 voeatm
1616 350 1660 405 ein
1688 349 1839 416 Ire-delen,
1865 349 2040 422 Anumunp

354 439 471 510 penitus.
1224 431 1370 498 utrffeices
1389 435 1578 490 unbekondtea
1603 436 1721 490 Maenas
1748 435 1812 498 Gut,
1832 443 1884 498 est,
1902 451 1968 504 qnae
1985 452 2039 489 nou

389 525 489 576 Verum
509 521 581 575 enlm
600 536 661 574 sero
673 537 732 574 cnm
746 518 929 590 expectatirae
942 514 1174 570 consuetudinibus
1224 515 1402 585 adstringitur
1419 529 1491 572 certo
1509 517 1588 572 alieni
1608 517 1703 582 feudo,
1722 519 1769 571 sed
1781 517 1972 588 porrigitnrsd
1984 517 2041 570 ico·

352 603 517 670 feudalibus,
534 613 625 676 utpote
648 621 713 672 quae
737 621 828 675 parem
850 617 911 655 eum
937 599 1039 670 legibus
1065 599 1174 669 scriptis
1225 598 1286 650 dum
1305 616 1337 650 ex
1356 601 1479 670 pluribus
1496 601 1614 672 primurn
1641 611 1808 655 vacaturum:
1825 617 1847 654 e.
1866 619 1892 670 g.
1911 598 2041 670 Auffet'n

353 689 407 740 aim
426 687 522 742 babent
539 699 564 740 et
581 689 786 750 auctoritatem,
808 683 952 742 Schrader.
972 681 1091 754 daseud.
1107 703 1135 756 p.
1152 695 1174 737 t.
1224 683 1379 747 cetu-uta,
1390 703 1420 738 so
1432 695 1519 740 auerrt
1531 687 1657 756 erlediget
1680 685 1754 740 wird-
1775 685 1907 756 specialis
1923 703 1985 742 sero
2013 695 2040 740 et

352 789 397 842 pu·
414 781 433 822 t.
447 789 474 822 ιι.
491 783 514 823 s.
527 780 618 844 etseq.
636 771 787 841 specialiter
805 769 925 822 indultae
945 769 1002 820 sint
1019 777 1047 822 et
1070 783 1174 822 conoes-
1226 763 1338 820 definita
1354 772 1405 838 jur.
1424 786 1514 824 saxon.
1533 771 1577 826 ein
1599 771 1717 824 denondt
1732 771 1862 840 Gedinge,
1886 787 1908 823 c.
1936 781 1959 824 t.
1978 773 2028 824 An

353 870 410 918 sae,
432 852 541 922 nfiud.
558 866 601 908 ts.
613 851 637 924 5.
651 855 782 908 moribus.
797 865 820 905 t.
829 849 906 919 seud-
928 864 952 904 t.
971 861 998 905 et
1021 863 1043 904 t.
1056 851 1085 923 f.
1106 863 1131 904 e.
1151 861 1175 906 et
1226 863 1349 922 wmtung
1359 851 1428 923 auff
1434 853 1508 908 eines
1519 857 1640 910 Maraces
1652 855 1724 918 Gat,
1741 871 1809 924 quse
1826 864 1928 906 certum
1946 862 1973 906 et
1992 853 2041 908 de·

352 938 484 1006 baeojori
502 938 575 992 civili
595 939 624 990 in
649 939 758 992 materia
784 935 881 991 feudali
911 937 1096 1007 praevaleant,
1129 937 1174 990 dn.
1226 938 1397 994 terminatum
1408 939 1514 994 feudum
1528 940 1651 1010 respicit.
1663 939 1716 992 Ubi
1734 938 1884 992 incidenter
1899 937 2041 993 nonedam

354 1021 462 1086 Praeses
477 1039 565 1076 eccm.
573 1021 742 1091 junfiudcl.
753 1039 815 1086 cup.
831 1031 854 1072 t.
867 1029 971 1090 quaest.
987 1030 1031 1072 tt.
1045 1036 1096 1073 non
1108 1037 1176 1090 opus
1227 1021 1313 1085 venit,
1333 1039 1415 1092 genus
1433 1035 1461 1078 et
1473 1026 1609 1096 speciem,
1629 1023 1697 1076 uude
1714 1023 1847 1094 generalia
1864 1032 1891 1074 et
1915 1022 2041 1092 specialis

352 1105 406 1156 erit
423 1107 537 1175 amplius
555 1106 718 1175 disquirere,
734 1122 766 1156 an
781 1104 883 1174 iegibus
902 1105 956 1157 sint
969 1102 1176 1158 consentaneae?
1226 1109 1385 1175 espectaliva
1405 1108 1518 1176 dicitur,
1539 1109 1654 1160 hicnon
1673 1106 1758 1176 recipi
1784 1105 1890 1173 logice,
1916 1104 1981 1171 sed,
2001 1105 2042 1158 uti

353 1191 410 1240 lmo
424 1189 544 1258 insignis
561 1199 601 1242 est
621 1186 775 1240 differentia
789 1189 862 1240 inter
876 1187 1066 1242 haereditatem
1081 1205 1125 1242 seu
1138 1188 1176 1240 sl·
1226 1186 1301 1242 decet
1318 1208 1367 1262 pro
1386 1192 1517 1245 substrata
1536 1191 1654 1254 materia,
1671 1190 1794 1258 juridice,
1812 1187 1858 1242 ubi
1879 1205 1959 1258 genus
1978 1206 2041 1260 spe-

353 1272 458 1324 lotlialia
478 1273 562 1336 bons,
581 1281 609 1324 et
627 1271 758 1338 feudalia,
777 1281 806 1324 et
822 1281 1012 1343 consequenter
1032 1273 1102 1325 iuter
1127 1290 1172 1343 pa·
1225 1271 1293 1323 ciem
1312 1274 1436 1342 logicam,
1454 1284 1481 1328 et
1499 1274 1599 1344 speeies
1618 1271 1786 1325 individuum
1802 1271 1918 1340 logicum
1932 1270 2047 1330 denotem

351 1358 450 1410 ctiones
469 1357 501 1408 de
520 1357 638 1426 utrisque
656 1355 863 1410 intercedentes.
876 1359 925 1412 dus
939 1358 1010 1410 euim
1025 1356 1103 1409 civile
1116 1375 1175 1425 pro·
1226 1356 1307 1409 Hisce
1324 1357 1397 1410 enim
1416 1359 1551 1412 vocabulis
1570 1357 1619 1410 boc
1637 1355 1716 1412 inodo
1733 1359 1807 1412 Jctos
1825 1357 1879 1420 uti,
1896 1355 1964 1410 alias
1977 1374 2045 1410 oon·

353 1438 427 1490 bibet
445 1439 635 1492 conventiones
653 1437 686 1490 de
705 1439 783 1491 rebus
802 1439 899 1493 alienis
916 1439 950 1492 ad
965 1456 992 1492 se
1007 1439 1113 1492 devotam
1128 1456 1175 1508 per
1227 1449 1288 1505 stat,
1307 1441 1395 1514 prouti
1407 1451 1516 1494 annotat
1528 1441 1637 1512 Dionys.
1649 1439 1791 1495 Godcfred.
1806 1439 1835 1492 in
1851 1449 1909 1495 not.
1922 1439 1959 1493 nd
1965 1439 1987 1492 1-
2000 1451 2046 1494 eu.

351 1533 464 1576 mortem
483 1523 589 1578 alterius
607 1524 783 1594 perventuris,
797 1524 1018 1594 dequibnssntea
1029 1524 1099 1575 nibil
1114 1541 1175 1594 pro·
1216 1521 1260 1592 ff.
1273 1523 1306 1578 de
1318 1542 1341 1576 r.
1346 1544 1373 1598 1
1385 1526 1426 1578 lit.
1431 1527 1463 1596 fi

353 1605 474 1674 prietatis
492 1607 603 1660 cratein
618 1605 768 1660 feudalibus
780 1623 841 1659 vero
855 1623 908 1658 non
923 1617 962 1659 est
977 1605 1009 1658 de
1023 1606 1101 1658 bonis
1114 1604 1174 1658 alie·
1260 1609 1341 1662 llisce
1362 1626 1432 1662 nunc
1450 1607 1604 1682 praelibatis
1622 1624 1725 1674 aesercr,
1744 1606 2045 1678 expectatisatnspeeia·
2085 1611 2121 1653 ¹²
2195 1627 2197 1632 ’

353 1689 398 1738 nis
417 1689 475 1740 scil.
493 1690 610 1755 vassalli,
635 1689 681 1742 sed
700 1689 733 1741 de
753 1706 783 1742 re
801 1706 846 1743 sua
861 1688 1077 1758 potius·Constst
1090 1689 1173 1755 enim,
1225 1690 1277 1744 lem
1298 1692 1485 1762 posteriorem,
1504 1709 1557 1746 nou
1576 1692 1702 1760 derogare
1716 1691 1832 1760 generali
1845 1689 1987 1744 auteriori:
2006 1708 2047 1744 se·

238 1803 242 1811 -
352 1773 492 1825 vassallum
511 1791 564 1826 uon
584 1774 681 1826 babere
693 1775 842 1828 dominium
857 1771 998 1840 directum,
1010 1774 1079 1844 quod
1094 1791 1173 1844 penes
1224 1792 1270 1828 cus
1288 1794 1365 1843 quam
1384 1777 1562 1830 communiter
1580 1774 1624 1826 dd.
1642 1784 1777 1840 statuunt,
1796 1785 1821 1828 et
1852 1774 1973 1846 pluribus
2000 1774 2049 1828 da·

353 1855 491 1910 dominum
525 1858 598 1910 feudi
622 1869 679 1921 est,
708 1859 754 1910 sed
787 1859 952 1916 solummodo
983 1861 1057 1912 utile.
1090 1861 1173 1914 Porro
1224 1861 1294 1914 ducit
1314 1865 1419 1914 flarlm.
1440 1861 1537 1914 Pistor·
1554 1859 1600 1930 qui
1619 1859 1676 1931 ipsa
1695 1859 1797 1930 primus
1815 1872 1900 1914 auctor
1913 1858 1991 1928 buius
2005 1878 2047 1914 as·

352 1957 406 1992 nun
426 1951 466 1991 est
483 1941 516 1993 de
534 1941 621 1994 futura
642 1944 821 2005 antecessiouev
841 1942 885 1996 sed
905 1942 992 2014 potius
1005 1943 1044 1996 de
1067 1943 1171 1995 caduci-
1224 1945 1350 1998 sertionis
1369 1963 1425 1998 esse
1443 1945 1548 1998 videtur
1566 1945 1585 1995 1.
1607 1955 1630 1998 t.
1652 1965 1678 2016 p.
1700 1953 1739 1996 ts.
1762 1963 1788 1995 n.
1815 1957 1839 1996 t.
1861 1955 1961 2014 etpost
1985 1964 2048 2000 eum

354 2032 405 2075 tate
424 2025 610 2088 successionis,
631 2025 679 2076 boc
699 2038 753 2090 est,
779 2026 812 2078 vla
841 2043 885 2091 re,
909 2045 977 2096 qnae
999 2029 1172 2080 successionis
1225 2027 1317 2098 Carpe.
1334 2039 1432 2098 p.t.c.
1449 2028 1730 2082 tt.d.t.n.t.Mev.
1748 2045 1778 2098 p.
1795 2029 1910 2082 briseis.
1932 2040 1974 2083 ts.
1995 2030 2050 2084 Dn.

354 2108 411 2173 jure
430 2107 462 2160 sd
484 2110 616 2161 nerninem
635 2110 749 2178 amplius
768 2110 868 2163 devolvi
896 2121 997 2181 potest,
1024 2110 1070 2162 sed
1093 2111 1174 2180 pleno
1227 2114 1316 2167 Struv.
1327 2123 1457 2184 syntagm.
1466 2111 1523 2182 p‘ur.
1526 2108 1611 2181 stud.
1626 2129 1649 2164 c.
1666 2123 1690 2164 t.
1705 2111 1766 2178 cpit.
1781 2123 1844 2164 nn„
1860 2123 1882 2163 t.

354 2193 411 2258 jure
430 2191 463 2242 ad
482 2191 620 2248 dominum
643 2195 833 2262 expectatimus
852 2194 1039 2248 concedentem
1063 2209 1173 2248 reuersa.
1263 2198 1315 2252 Sed
1335 2209 1365 2250 ut
1382 2199 1415 2250 de
1434 2206 1502 2249 statu
1522 2195 1722 2249 controversiae
1740 2203 1812 2248 recte
1836 2193 1914 2246 uobis
1938 2205 2053 2262 constet,
2094 2193 2127 2234 ¹⁸

355 2275 448 2328 Ibide
467 2279 694 2346 eojureagitur,
713 2277 781 2347 quod
801 2295 833 2330 ex
854 2281 1018 2332 successione
1042 2279 1077 2330 ad
1103 2279 1174 2350 ipsos
1226 2281 1468 2353 praeoccupandum
1488 2279 1591 2332 bieest
1609 2289 1674 2332 aute
1693 2279 1796 2338 omnia:
1825 2295 1868 2330 me
1894 2295 1946 2331 nou
1976 2279 2050 2348 loqui

354 2371 539 2426 perventurum
560 2371 605 2414 est.
623 2360 677 2414 We
695 2379 756 2415 vero
775 2361 807 2418 de
819 2362 927 2433 praedio
941 2361 1037 2414 feudali
1051 2380 1105 2416 non
1118 2379 1175 2414 suc·
1227 2366 1260 2419 de
1277 2384 1308 2418 eo
1325 2382 1395 2424 casu,
1414 2363 1519 2434 qnando
1547 2363 1710 2433 expectatira
1730 2361 1853 2434 specialis
1865 2363 1996 2434 posterior
2013 2363 2053 2416 fa·

353 2443 483 2496 cessionis
503 2444 577 2509 inre,
596 2444 641 2496 sed
660 2448 770 2518 propria
789 2447 830 2500 sui
857 2456 951 2502 natura
977 2446 1009 2498 sd
1035 2446 1172 2500 dominum
1227 2458 1269 2500 cta
1287 2457 1328 2500 est
1346 2448 1374 2498 in
1394 2445 1513 2498 fraudem
1534 2444 1619 2514 primi
1641 2444 1847 2518 expectativarii.
1867 2447 2054 2501 narrantes.

353 2527 489 2578 rerleunte.
1227 2531 1279 2586 loc.
1289 2530 1334 2583 cit.
1351 2549 1378 2582 n.
1394 2527 1640 2598 t.Carpz.loc.e1‘t.
1653 2539 1680 2582 et
1689 2527 1818 2584 secundus
1831 2529 1964 2600 particeps
1979 2527 2053 2584 fran-

302 2629 314 2668 s
389 2610 461 2679 Quin
481 2611 537 2662 iano
554 2627 612 2664 ortu
632 2624 658 2666 et
675 2617 732 2683 jure
750 2614 823 2669 civili
842 2614 876 2668 de
894 2615 1046 2684 usufructu,
1066 2627 1096 2672 ut
1115 2629 1175 2690 post
1228 2617 1270 2671 dis
1288 2612 1452 2680 fat,Scbrad.
1471 2610 1840 2682 defendatcbmts.
1858 2613 1949 2684 Neque
1967 2614 1999 2666 de
2018 2631 2053 2668 eo

355 2703 467 2744 vnortem
487 2695 560 2760 ejus,
580 2697 623 2748 oni
642 2699 673 2751 ad
695 2699 765 2752 ritae
784 2711 888 2770 tempus
906 2719 1045 2755 concessos
1063 2713 1121 2770 est,
1140 2705 1174 2758 ad
1228 2718 1297 2762 case,
1315 2697 1420 2768 quaudo
1438 2697 1577 2768 posterior
1590 2705 1616 2750 et
1630 2695 1753 2767 specialis
1766 2695 1989 2768 expectativarius
2002 2701 2055 2750 sci-

248 2827 251 2830 .
353 2776 464 2829 alterum
483 2779 640 2848 perveniat,
660 2781 766 2850 disponi
787 2793 892 2850 potest,
912 2784 930 2834 l.
942 2781 1111 2852 quifructus.
1134 2796 1175 2835 ta.

343 2858 384 2928 ff.
398 2860 430 2911 de
442 2857 530 2924 rasnfr.
542 2861 621 2932 legat.
634 2864 652 2914 1.
655 2862 755 2932 fiendi.
775 2876 816 2916 ee.
835 2863 894 2916 eorl.
913 2866 931 2915 l.
950 2876 980 2918 ut
1006 2867 1175 2921 haeredibus.

355 2943 444 3014 suff.
456 2944 574 3014 delegct.
602 2956 625 2996 t.
646 2946 679 2996 Et
699 2945 797 3015 pacisci
817 2946 882 2998 licet
900 2947 933 2999 dc
952 2949 1065 3001 sireniis
1082 2949 1174 3003 baere-

356 3029 457 3090 ditate,
478 3029 723 3094 consentientem,
742 3029 776 3082 sle
802 3032 875 3098 cujus
903 3030 1066 3086 haereditate
1088 3033 1176 3102 queri·

356 3123 413 3176 tur,
432 3129 481 3180 per
491 3111 569 3180 tfiu.
582 3131 604 3166 c.
619 3114 756 3183 depactis.
776 3113 830 3166 Cur
846 3131 899 3166 non
918 3115 992 3167 idern
1014 3115 1042 3167 in
1062 3113 1175 3169 feudali-

354 3199 403 3250 bus
423 3195 536 3249 liceret?
556 3207 627 3262 tum,
647 3198 717 3267 quod
745 3197 850 3251 feudum
875 3217 933 3254 cum
960 3200 1096 3255 usufructu
1122 3220 1176 3256 rna·

355 3296 431 3347 gnum
453 3277 546 3332 habeat
564 3277 745 3346 affinitatem,
765 3283 865 3350 vultej.
884 3283 917 3336 de
925 3281 1005 3350 send.
1021 3287 1067 3338 lib.
1081 3298 1103 3338 t.
1116 3306 1176 3360 cop.

357 3374 380 3414 2.
392 3382 420 3417 rs.
436 3375 457 3414 t.
479 3375 550 3423 tum,
568 3363 643 3432 quod
662 3363 770 3418 feudum
790 3383 819 3418 ea
839 3369 895 3436 lege
908 3378 935 3420 et
946 3369 1104 3424 conditione
1119 3389 1176 3426 vae·

356 3449 421 3501 sallo
439 3447 613 3512 concedatur,
633 3458 662 3502 ut
679 3465 709 3502 eu
723 3451 781 3502 siue
795 3449 952 3514 haeredibus
969 3453 1119 3508 feudalibus
1132 3455 1177 3510 de·

355 3532 465 3584 cedente
483 3531 514 3584 ad
534 3530 672 3584 dominum
692 3549 784 3586 rursus
808 3544 964 3588 revertatur.
991 3537 1178 3598 consentiente

356 3617 437 3684 igitur
457 3616 484 3667 in
504 3615 571 3667 banc
590 3616 771 3670 conditionem
791 3619 918 3681 vassallo,
944 3620 1015 3673 nibil
1041 3622 1175 3680 diversum

356 3704 446 3768 sjnre
464 3699 538 3754 cirili
564 3699 800 3756 consuetudinibus
827 3699 975 3756 feudalibus
1000 3707 1174 3763 coustitutum

358 3801 431 3856 essa,
450 3773 551 3854 oppfdo
569 3795 687 3856 apparet.

398 3867 561 3940 Quidiquod
574 3870 650 3936 illud,
659 3869 728 3940 qnod
736 3869 769 3924 de
781 3870 901 3942 periculo
909 3871 1066 3925 insidiarum
1076 3881 1177 3928 struen-

360 3956 451 4008 darum
461 3953 569 4018 dicitur,
577 3973 630 4006 uon
638 3965 689 4007 tam
701 3955 729 4008 iu
740 3956 889 4010 feudalibus
901 3955 1121 4022 metuendumsit,
1131 3958 1177 4011 ubi

361 4039 514 4098 investitus,
536 4055 581 4091 sen
600 4040 659 4101 ille,
679 4039 724 4092 cui
743 4041 908 4110 expectativa
921 4057 1058 4106 concessa,
1072 4060 1105 4095 ex
1117 4061 1178 4096 con·

359 4123 482 4176 ventione
499 4123 552 4190 jam
572 4132 657 4175 certus
677 4133 729 4186 est,
749 4121 856 4176 feudum
877 4123 905 4178 in
923 4141 985 4177 casu
1004 4125 1099 4178 mortis
1125 4126 1177 4178 sibi

361 4213 543 4270 obtenturum,
562 4225 638 4276 quam
658 4208 686 4258 in
706 4207 874 4260 allodialibus
893 4207 962 4261 circa
990 4209 1177 4276 haereditates,

363 4294 406 4342 uln
428 4291 504 4348 facile
522 4291 652 4348 successio
669 4291 770 4345 auferri
790 4308 878 4346 rursus
893 4304 995 4362 potest,
1015 4295 1043 4346 iu
1063 4293 1136 4348 bisce
1153 4314 1179 4349 e·

364 4377 419 4444 nim
441 4375 579 4432 homiuum
599 4376 720 4428 voluntas
739 4375 910 4430 ambulatoria
927 4375 959 4429 ad
975 4386 1086 4430 mortem
1098 4395 1181 4449 usque

363 4473 413 4524 est,
432 4461 450 4511 l.
466 4455 532 4526 eff.
548 4459 580 4518 de
593 4456 676 4516 adim.
689 4459 708 4508 l.
723 4457 826 4527 transf
837 4459 919 4530 legat.
938 4461 991 4512 Sed
1010 4459 1042 4514 de
1061 4461 1109 4516 hac
1123 4463 1179 4534 ipse

361 4545 515 4613 quaestione
530 4542 668 4596 rideantur
678 4543 782 4612 prolixe
796 4545 1012 4612 egentesilartm.
1028 4543 1121 4600 Pistor.
1134 4548 1179 4602 lib.

365 4641 387 4678 t.
402 4649 444 4698 qu.
459 4638 499 4680 ts.
516 4645 542 4678 n.
559 4639 581 4680 t.
595 4637 621 4678 et
632 4642 704 4696 seqq.
719 4629 812 4679 Herm.
831 4629 931 4694 Vultei-
945 4627 977 4681 de
988 4627 1072 4698 send.
1092 4629 1137 4681 ltu.
1158 4641 1180 4680 t.

364 4727 425 4776 cap.
440 4720 462 4758 t.
480 4726 506 4761 n.
520 4719 559 4760 ts.
572 4718 599 4760 et
610 4727 681 4779 seqq.
702 4707 822 4761 Addatur
835 4709 944 4778 magnif.
963 4721 990 4762 et
1002 4712 1182 4765 excellentiss.

366 4795 409 4844 ιΙιι.
429 4797 489 4846 Job.
509 4791 582 4844 Frid.
601 4792 725 4858 Rhetius,
745 4792 874 4846 hactenus
892 4791 983 4845 facult.
1003 4795 1086 4862 jurid.
1110 4797 1184 4850 ordi-

367 4879 457 4945 narius
476 4876 674 4940 celeberrimus,
693 4880 745 4945 jam
766 4875 892 4929 sereniss.
911 4886 938 4929 et
957 4881 1093 4947 putemne
1105 4881 1181 4932 elect.

368 4962 512 5014 brantleub.
531 4960 702 5014 consiliarius
721 4959 848 5023 intimus,
860 4959 890 5010 in
903 4971 1045 5014 comment.
1051 4961 1112 5033 jur.
1112 4961 1182 5032 saw

367 5047 421 5100 dul.
436 5047 473 5100 ud
487 5047 535 5098 lid.
552 5056 575 5096 t.
587 5045 627 5097 tit.
643 5057 666 5096 s.
677 5062 720 5113 pr.
734 5063 761 5098 n.
777 5057 800 5097 t.
810 5065 836 5114 p.
855 5056 910 5096 tet.

404 5131 542 5186 Caeterum
562 5131 658 5182 multas
671 5127 836 5184 circumferri
850 5129 1071 5200 expectaliverurn
1085 5131 1182 5186 distin-

367 5217 466 5268 ctiones
485 5217 590 5282 jamjam
610 5214 710 5267 dictum
728 5224 782 5274 este
801 5226 926 5285 quantum
942 5232 1002 5266 vero
1016 5215 1047 5266 ad
1062 5233 1183 5285 praesens

369 5309 488 5352 nostrum
498 5298 609 5366 pertinet
621 5299 765 5366 negotium,
778 5298 891 5352 notanda
907 5297 1074 5366 potissimum
1090 5297 1184 5354 distin·

1226 2787 1304 2844 verit,
1324 2783 1445 2852 priorem
1466 2781 1564 2833 babere
1584 2781 1624 2834 sel
1644 2778 1768 2834 habuisse
1785 2783 1839 2851 jem
1859 2780 2056 2852 expectatimm

1225 2866 1380 2937 generalem.
1400 2863 1439 2913 Eo
1463 2861 1536 2914 enirn
1555 2863 1585 2914 in
1604 2880 1667 2914 casu
1685 2864 1760 2916 nullu
1776 2863 1854 2916 ruodo
1867 2865 1953 2917 valere
1965 2874 2056 2936 posta·

1227 2953 1327 3004 riorem
1345 2945 1537 3018 expectatisnm
1556 2947 1711 3014 specialem,
1730 2946 1831 3000 feudali
1852 2946 1897 2998 dd.
1912 2949 1981 3000 ultro
1993 2962 2056 3000 eon·

1229 3035 1333 3091 cedunt.
1353 3029 1585 3101 Quemadmodum
1608 3038 1636 3082 et
1654 3029 1719 3081 alias
1744 3031 1813 3082 circa
1839 3031 2003 3100 emptionem
2030 3042 2059 3086 et

1227 3121 1417 3183 venditionem,
1436 3115 1544 3185 qnando
1562 3129 1606 3167 res
1625 3111 1728 3167 duobus
1747 3112 1854 3166 vendita
1872 3123 1920 3177 est,
1934 3125 1958 3168 et
1969 3123 2060 3183 poste·

1230 3210 1284 3262 rior
1302 3203 1426 3266 sciverit,
1445 3199 1492 3252 alii
1513 3214 1570 3252 rem
1589 3195 1713 3250 eamdem
1736 3196 1812 3265 prius
1831 3211 1888 3250 esse
1907 3194 2057 3261 venditam,

1228 3291 1304 3362 prior
1322 3297 1428 3356 emptor
1447 3283 1558 3335 alienata
1580 3279 1608 3333 in
1629 3279 1764 3343 fraudem,
1783 3281 1888 3332 actione
1905 3277 1934 3330 in
1953 3276 2056 3331 factum

1230 3375 1398 3438 revocatorin,
1417 3383 1544 3425 revocare
1562 3377 1660 3442 potest,
1679 3365 1752 3418 Gail.
1771 3365 1790 3416 l.
1813 3375 1835 3416 t.
1855 3383 1882 3419 o.
1902 3376 1945 3416 tt.
1962 3382 1991 3417 n.
2014 3376 2058 3416 tt.

1230 3461 1284 3519 vid·
1296 3461 1339 3516 dd.
1354 3459 1382 3510 in
1394 3457 1412 3509 f.
1425 3454 1538 3527 quoties.
1554 3463 1596 3506 tt.
1615 3469 1638 3504 c.
1659 3451 1691 3504 de
1711 3450 1752 3504 rei
1768 3449 1846 3505 atad·
1866 3449 1897 3501 ln
1917 3447 2000 3500 dobin
2019 3459 2061 3501 ta-

1230 3563 1291 3600 men
1310 3541 1488 3614 ignorantiam
1522 3535 1626 3592 vassalli
1655 3532 1815 3605 praesumi,
1840 3539 1949 3585 annotat
1979 3527 2058 3584 titius

1230 3635 1337 3684 Hartm.
1357 3627 1455 3680 Pistor.
1471 3623 1638 3674 incensent.
1652 3619 1703 3672 luc.
1718 3616 1947 3686 atlanticum
1972 3615 1989 3666 l.
2009 3634 2057 3669 ce-

1230 3715 1297 3768 rins.
1312 3721 1354 3764 tt.
1363 3703 1403 3778 ff.
1417 3708 1450 3760 de
1460 3705 1570 3777 probat.
1584 3714 1611 3757 et
1629 3711 1795 3772 praerumpat.
1813 3701 1905 3772 Neque
1922 3699 2003 3752 etiam
2024 3699 2061 3752 de

1231 3815 1262 3850 eo
1278 3811 1348 3856 casu,
1367 3791 1472 3860 quando
1491 3786 1654 3860 expectativa
1674 3786 1798 3856 specialis
1822 3783 1856 3837 de
1879 3793 1950 3836 certo
1977 3781 2060 3836 fendo

1217 3872 1282 3934 Ιΐιιίι
1298 3891 1421 3930 concessa
1441 3885 1523 3938 tunc,
1543 3888 1623 3942 quum
1652 3869 1799 3940 possessori
1826 3885 1897 3921 mors
1923 3867 2060 3932 instabat,

1229 3975 1305 4034 etque
1323 3959 1387 4012 adeo
1405 3975 1488 4028 prupe
1507 3965 1582 4019 erat,
1602 3963 1632 4006 ut
1654 3949 1764 4006 feudum
1784 3949 1816 4004 sd
1835 3967 1904 4014 eum,
1922 3950 1969 4022 qui
1983 3951 2062 4019 prio-

1231 4063 1287 4099 rem
1307 4044 1456 4112 generalem
1476 4045 1629 4108 aeceperat,
1654 4035 1794 4106 pervenire
1817 4045 1917 4104 posset,
1949 4031 2059 4084 llartm.

1233 4129 1329 4182 Pistor.
1347 4129 1399 4181 loc.
1418 4126 1461 4178 cit.
1482 4141 1506 4177 n.
1530 4135 1553 4174 s.
1574 4121 1641 4174 Nem
1661 4129 1686 4171 et
1705 4119 1734 4170 in
1755 4116 1804 4170 boc
1821 4117 1856 4172 ob
1875 4117 1986 4171 rationes
1999 4119 2057 4186 jam

1230 4213 1324 4264 allatas
1343 4209 1388 4263 dd.
1407 4206 1589 4262 consentiunt.
1611 4201 1685 4255 ldem
1704 4217 1808 4270 quoque
1826 4215 1949 4270 expresse
1976 4198 2059 4251 habe-

1233 4307 1275 4350 tur
1293 4297 1322 4348 in
1342 4299 1398 4352 {nra
1416 4290 1558 4353 saxonico,
1578 4285 1766 4350 fietnttecte,
1785 4302 1842 4356 cap.
1862 4295 1886 4336 t.
1906 4283 1979 4335 bisce
1999 4299 2060 4336 ser-

1232 4380 1287 4433 bis:
1308 4379 1352 4432 Es
1367 4395 1415 4448 sey
1433 4377 1521 4439 kun,
1535 4374 1598 4428 dass
1613 4389 1680 4426 man
1692 4371 1741 4424 das
1756 4365 1875 4440 Gedinge
1883 4367 2061 4440 flilclstigla'cli

1232 4463 1302 4519 delire
1319 4463 1367 4532 bey
1379 4461 1460 4535 jener
1476 4455 1653 4520 stat-lietu,
1667 4457 1717 4510 der
1728 4473 1755 4507 es
1767 4455 1797 4505 in
1817 4451 1986 4507 Gemeebren
2001 4453 2060 4506 bat.

1233 4547 1324 4620 Neque
1342 4546 1422 4598 etiam
1441 4544 1508 4596 adeo
1528 4558 1617 4594 sermo
1635 4549 1675 4594 est
1695 4539 1727 4592 de
1746 4557 1776 4592 en
1795 4554 1870 4604 casu,
1884 4534 1991 4607 quando
2011 4555 2060 4607 po-

1233 4634 1327 4686 sterior
1346 4628 1540 4701 possessionem
1563 4633 1655 4678 nactus
1672 4630 1728 4688 este
1747 4620 1848 4692 dequo
1874 4621 1978 4690 prolixe
2003 4621 2062 4689 agit

1236 4717 1339 4785 saepius
1358 4713 1487 4782 allegatus
1506 4713 1612 4764 Hartm.
1633 4709 1698 4760 Pist.
1718 4705 1798 4776 alleg.
1818 4705 1867 4758 loo.
1888 4723 1915 4758 n.
1945 4714 1986 4755 tt.
2018 4715 2058 4754 tt.

1238 4812 1278 4854 tt·
1297 4811 1324 4852 et
1340 4815 1394 4869 aeq.
1414 4797 1539 4867 Quamvis
1557 4793 1622 4864 qnid
1640 4793 1672 4844 de
1685 4809 1716 4844 eo
1730 4789 1916 4854 sentiendum,
1930 4789 2057 4853 inferius,

1235 4883 1324 4956 paucis
1342 4882 1427 4946 licet,
1447 4877 1648 4951 dispiciendum
1670 4877 1715 4928 sit.

1275 4966 1327 5022 Sed
1347 4965 1482 5036 loquimur
1500 4961 1664 5032 simpliciter
1677 4967 1704 5010 et
1718 4957 1873 5010 abstractive
1889 4957 1923 5010 de
1938 4968 2061 5027 expects·
2110 4981 2143 5022 η

1239 5052 1293 5106 lira
1310 5049 1425 5120 generali
1444 5057 1472 5100 et
1490 5045 1599 5118 speciali
1620 5044 1648 5096 iu
1666 5060 1694 5094 se
1711 5041 1901 5104 consideratis,
1921 5041 1980 5094 sine
2003 5042 2058 5094 ullo

1237 5145 1358 5206 respectu
1372 5131 1545 5204 possessionis
1560 5126 1755 5200 apprehensae,
1771 5123 1865 5178 mortis
1880 5123 2061 5186 imminentis,

1237 5219 1361 5274 scientiae
1379 5229 1403 5271 et
1422 5215 1532 5270 fraudis.
1556 5211 1685 5264 Dehisce
1704 5209 1899 5280 disquiremus,
1920 5219 1978 5261 ntra
2002 5209 2063 5258 illa-

1241 5321 1298 5356 rum
1319 5297 1486 5374 praevaleat?
1512 5297 1543 5348 lit
1570 5309 1685 5349 asserere
1708 5311 1759 5345 nou
1787 5293 1896 5346 dubito:
1924 5293 2064 5360 specialem

369 5469 509 5539 specialem
530 5483 572 5520 seu
592 5463 1184 5539 definitam.Untieetexpectatirsriieodem
1276 5471 1351 5542 Quod
1372 5473 1457 5542 ipsum
1477 5461 1727 5538 paonabmrdine
1752 5461 1919 5531 p⁸f¹¹¹¹¹l⁸lf¹
1946 5459 2061 5530 primum
2107 5477 2144 5519 ts
2229 5489 2231 5546 p

370 5553 448 5603 modo
467 5553 647 5620 distinguendi
678 5557 797 5608 ueniunt:
826 5571 920 5622 nempe
946 5555 972 5604 in
997 5555 1132 5620 generales
1161 5566 1188 5608 et
1240 5558 1389 5611 contrariae
1406 5551 1542 5626 opinionis
1561 5546 1759 5606 fundamentis,
1777 5541 2066 5614 quibueeademtnnt-
2229 5619 2231 5630 .

372 5636 506 5708 speciales.
527 5637 665 5692 Generalis
685 5651 710 5692 et
731 5633 839 5690 delinita
857 5637 1034 5706 expectativa,
1053 5655 1118 5706 quae
1131 5641 1187 5706 jure
1244 5643 1319 5696 titur.
1340 5643 1407 5697 Sunt
1427 5647 1489 5694 sero
1508 5638 1553 5691 ills
1573 5633 1708 5700 destttuple
1730 5638 1784 5684 lutn
1805 5645 1838 5680 ex
1855 5627 2063 5696 jerecunctos,
2229 5631 2231 5684 Ι

2228 5745 2231 5868 l

2229 5887 2231 5980 t

368 5385 423 5436 ctio
442 5383 510 5434 inter
528 5383 719 5452 expectativam
739 5385 886 5454 generalem
907 5401 950 5434 seu
964 5379 1142 5448 indefinitam,
1159 5394 1185 5438 et
1237 5387 1414 5454 posteriorem
1429 5401 1487 5438 nott
1507 5383 1638 5450 derogare
1653 5379 1744 5448 priori
1759 5377 1885 5447 generali
