4402 6284
487 418 916 542 uenenato
969 425 1080 552 tlte
1132 418 1560 547 neutonam

774 809 1272 855 w

194 1373 359 1520 Novum
382 1445 438 1518 bio
460 1447 563 1517 offero
585 1449 743 1518 volumen
766 1445 1035 1517 dissertationum
1059 1445 1337 1533 academicorum,
1359 1447 1403 1516 de
1424 1447 1565 1518 dirersis
1592 1445 1721 1538 publici
1756 1446 1868 1538 prira·

196 1541 295 1634 tique
317 1539 404 1635 juris
429 1541 596 1625 materiis,
619 1540 657 1606 in
680 1539 806 1632 quibus
828 1539 979 1632 generosi
1002 1537 1272 1631 nobilissimique
1295 1543 1434 1632 juvenes
1457 1539 1522 1606 snb
1538 1541 1621 1607 meis
1636 1537 1794 1628 auspiciis
1816 1537 1870 1601 in·

194 1633 287 1724 genii
310 1633 400 1700 vires
428 1629 608 1724 periclitari
632 1629 821 1698 voluerunt.
846 1629 908 1696 Est
930 1627 1008 1712 hoc,
1032 1647 1106 1721 post
1129 1629 1193 1696 tria
1221 1629 1280 1696 illa
1311 1643 1389 1696 ante
1417 1630 1549 1721 aliquot
1575 1651 1679 1697 annos
1702 1627 1870 1718 publicata

194 1721 388 1806 volumina,
410 1735 585 1814 quartum.
610 1719 768 1788 Materiae
791 1720 882 1810 ipsae
905 1740 974 1785 non
998 1719 1194 1812 proletariae
1216 1732 1313 1802 sunt,
1338 1738 1396 1788 aut
1418 1721 1517 1788 tritae
1535 1719 1736 1801 admodum,
1752 1741 1814 1784 neo
1829 1739 1872 1782 ex

195 1809 337 1880 illarum
360 1834 520 1896 numero,
544 1833 631 1903 quae
654 1811 767 1880 lectori
793 1829 949 1877 nauseam
972 1833 1088 1901 parere
1111 1829 1249 1904 queant.
1279 1809 1496 1879 Enlribentur
1523 1813 1615 1879 enim
1643 1810 1698 1878 bic
1726 1809 1872 1876 themata

193 1901 237 1970 ab
259 1903 338 1970 eliis
363 1926 405 1969 ex
428 1901 574 1995 professo
597 1902 654 1970 vix
677 1913 832 1985 tractata,
854 1899 912 1968 sed
936 1923 978 1967 ex
1000 1901 1102 1972 variis
1124 1901 1320 1970 auctoribus
1342 1901 1498 1987 collecto,
1521 1915 1555 1970 et
1583 1903 1620 1970 in
1644 1898 1794 1966 ordinem
1819 1895 1874 1963 di-

197 2011 309 2085 gesta,
333 2015 421 2086 quae
445 1993 474 2058 si
497 2015 567 2060 non
589 1990 655 2058 alio
677 1992 831 2073 nomine,
854 2001 943 2058 certe
966 1991 1109 2060 utilitate
1133 1993 1190 2060 illa
1197 2046 1208 2078 ,
1232 2017 1337 2086 quam
1358 1993 1397 2060 in
1420 1991 1493 2060 soro
1515 1991 1748 2098 praestabunt,
1765 2012 1800 2055 se
1823 1987 1872 2055 la·

199 2085 273 2151 rori
298 2095 380 2168 tuo,
403 2081 534 2150 cordate
557 2083 673 2165 lector,
697 2079 981 2150 commendabunt
1004 2081 1111 2151 facile.
1134 2084 1206 2151 Hoc
1229 2097 1378 2168 tantum,
1400 2081 1493 2175 quod
1516 2107 1552 2151 m
1576 2081 1745 2174 prioribus
1777 2078 1873 2148 volu-

198 2172 354 2241 minibus
378 2177 444 2265 jam
469 2173 527 2240 abs
550 2197 606 2240 mo
627 2172 751 2242 factum
775 2185 840 2254 est,
866 2171 1067 2240 luciterum
1091 2173 1258 2267 rogandus
1281 2199 1332 2256 es,
1356 2197 1400 2240 ne
1423 2173 1506 2240 mibi
1529 2172 1638 2240 dicam
1668 2171 1810 2253 scribas,
1843 2173 1873 2239 si

196 2262 285 2330 sorte
308 2263 388 2331 hinc
411 2263 493 2330 inde
516 2263 591 2330 illas
614 2262 749 2332 delendi
773 2260 898 2330 videris
923 2263 1122 2344 sententias,
1147 2287 1235 2352 quae
1258 2264 1333 2329 aliis
1356 2285 1425 2329 uon
1449 2263 1627 2352 probatae,
1651 2263 1705 2331 vel
1728 2262 1830 2328 etiam
1853 2287 1874 2330 a

198 2377 255 2420 me
280 2353 354 2446 ipso
377 2352 459 2421 alibi
483 2354 699 2446 improbatae.
723 2351 790 2419 Nec
812 2351 903 2418 enim
927 2352 1077 2443 ingenuo
1101 2349 1447 2441 professore‘dignum
1476 2375 1546 2419 esse
1573 2373 1705 2436 censeo,
1735 2351 1875 2419 dictato-

194 2444 284 2511 riam
307 2445 344 2510 in
375 2443 547 2512 auditores
575 2455 770 2537 potestatem
793 2465 963 2525 exercere,
988 2465 1024 2507 ac
1047 2458 1087 2508 ut
1111 2441 1147 2506 iu
1171 2439 1272 2508 verba
1301 2441 1454 2534 magistri
1483 2446 1620 2534 jurent,
1648 2442 1772 2510 inritos
1800 2441 1874 2510 adi·

193 2557 287 2626 gere:
311 2535 390 2602 hinc
413 2535 449 2601 in
474 2533 762 2626 disputationibus
785 2531 961 2626 praecipue
986 2529 1070 2598 banc
1094 2529 1284 2598 libertatem
1308 2531 1391 2622 ipsis
1413 2530 1671 2626 relinquendam
1689 2533 1818 2614 censui,
1834 2547 1875 2599 ut

194 2649 302 2716 quam
325 2625 467 2732 quisque
490 2627 686 2692 examinatis
709 2626 888 2716 utriusque
912 2623 1013 2710 partis
1039 2621 1227 2690 rationibus
1256 2622 1517 2713 probabiliorem
1543 2641 1714 2714 reputaret
1739 2636 1875 2692 senten-

194 2717 301 2796 tiam,
325 2713 462 2806 publico
485 2718 629 2782 examini
654 2717 879 2784 submitteret.
904 2713 970 2780 Nec
996 2723 1107 2778 tomen
1132 2712 1227 2780 facile
1250 2711 1305 2778 hic
1329 2714 1510 2806 quicquam
1535 2731 1693 2782 assertum
1723 2713 1873 2797 videbis,

196 2805 294 2897 quod
318 2804 371 2873 rel
395 2807 541 2887 ratione,
564 2805 618 2872 rel
641 2806 784 2873 aliorum
807 2804 979 2870 doctorum
1004 2801 1161 2894 suffragio
1184 2801 1384 2871 destitutum
1407 2807 1460 2871 sit.
1478 2802 1581 2896 Quod
1604 2805 1630 2872 si
1655 2801 1875 2874 nibilominus

195 2897 384 2988 quicquam
407 2919 546 2964 censura
570 2895 714 2986 dignum
739 2893 984 2976 observaveris,
1009 2892 1069 2961 hoc
1092 2892 1248 2986 benigna
1269 2893 1547 2988 interpretatione
1582 2895 1733 2976 'urabis,
1764 2895 1817 2964 acl
1847 2898 1875 2964 si

196 2987 321 3076 placet,
346 2986 554 3055 emendabis.
579 2985 682 3075 Quod
706 2983 965 3077 superest,.Deo
990 2995 1040 3050 ter
1064 2984 1190 3072 optimo
1214 2984 1358 3051 maximo
1382 3009 1441 3076 pro
1465 2985 1552 3053 salici
1576 2921 1726 3052 laborum
1751 3010 1876 3056 succes-

193 3099 249 3156 su,
275 3101 347 3168 quo
370 3101 429 3145 nos
453 3089 487 3145 et
511 3073 677 3144 auditores
701 3090 829 3143 nostros
860 3075 1035 3168 hucusque
1064 3075 1318 3141 clementissime
1340 3075 1441 3142 beare
1459 3077 1586 3161 voluit,
1609 3078 1730 3167 gratias
1752 3080 1898 3169 persol-u·

192 3167 311 3234 vimus
342 3167 566 3250 immortales,
590 3183 625 3232 et
656 3183 694 3232 ut
723 3187 821 3257 porro
845 3165 941 3232 nobis
965 3164 1053 3232 adsit
1074 3177 1108 3232 et
1136 3164 1329 3233 auditorum
1353 3165 1464 3233 studia
1490 3167 1527 3233 in
1552 3167 1605 3234 sui
1651 3167 1785 3252 loriam,
1807 3171 1895 3237 rei··

193 3257 352 3347 publicae
373 3256 605 3338 commodum,
629 3282 665 3324 ac
688 3257 836 3349 justitiae
866 3254 1068 3346 praesidium
1097 3279 1234 3347 vergere
1262 3255 1368 3341 sinat,
1397 3255 1514 3325 devoto
1541 3191 1775 3349 suppbcamus.

296 3347 379 3417 Vale
395 3347 561 3440 nobisque
585 3347 673 3417 lare.
688 3347 827 3418 -Dabam
844 3347 947 3415 Halae
963 3345 1258 3440 magdeburgicae,
1274 3345 1330 3414 die
1351 3370 1400 3415 so.
1419 3351 1507 3440 maj..
1520 3347 1564 3416 Δ.
1585 3350 1628 3418 0.
1644 3349 1687 3417 tt.
1709 3350 1805 3442 1698.
1826 3387 1829 3395 =
