4442 6308
243 300 296 356 ⁴521

188 397 336 454 titontnus
354 397 427 454 enim
447 397 610 463 secundnm,
628 405 686 452 utut
703 409 794 448 serum
814 409 860 448 seu
884 405 1008 444 44444444-

120 491 147 532 44
189 482 417 537 matumestiterit
427 469 633 546 matrimonium,
648 473 1010 534 matrimoniumdelaotoest

190 563 366 620 dicendumst
378 567 462 636 quoad
476 565 596 620 ellectum
614 560 895 630 successionis,prima
903 573 969 610 uror
981 565 1009 609 et

188 647 263 704 filius
281 649 445 704 matrimonii
465 648 547 720 primi
563 645 741 718 praesumpti,
759 661 826 700 uror
839 652 866 696 et
877 638 950 696 lilius
967 638 1009 692 414-

192 734 289 798 44414,
309 749 362 788 444
381 746 465 788 eutem
485 731 611 798 44444414,
629 729 668 785 id.
686 727 723 780 lb.
741 747 769 782 n.
790 737 814 782 4.
835 723 1011 781 4444111444.

197 815 230 870 de
242 823 376 872 contrari.
390 814 416 868 41.
430 814 448 868 i.
457 831 519 884 pag.
534 826 593 868 444.
606 832 634 868 4.
648 825 673 866 4.
910 807 914 820 ’

118 923 149 965 ,a
227 899 304 952 Dicta
322 912 408 953 autem
424 899 462 952 de
479 899 646 970 sponsalibus
671 897 770 970 primis
792 893 946 952 tollentibus
968 907 1010 946 se·

188 984 303 1048 condas,
333 992 394 1038 tunc
419 983 525 1036 tlemurn
550 981 721 1052 prooeduute
745 980 851 1052 quaudo
876 979 1009 1052 sponsalis

121 1087 152 1127 ro
191 1079 253 1122 sunt
268 1066 388 1137 ejusdem
407 1067 522 1136 generis.
540 1065 638 1122 Notum
656 1066 728 1120 euim
747 1065 777 1118 in
795 1065 886 1133 4414444
904 1063 961 1119 1444
972 1083 1010 1118 er·

188 1150 291 1212 bitror,
312 1159 373 1219 puta
392 1149 600 1214 conditionatis,
617 1149 722 1221 publica
744 1147 934 1214 clandestinis,
953 1149 1009 1213 illa,

190 1251 258 1304 qnae
274 1243 335 1288 suut
354 1232 554 1304 depromenti,
573 1233 704 1305 praeferri
724 1233 806 1297 istis,
823 1251 889 1304 quoe
908 1243 967 1287 suut
978 1233 1011 1286 de

190 1317 292 1380 loturo,
311 1318 431 1387 qusmris
448 1318 512 1372 baec
529 1319 586 1371 sint
604 1317 708 1387 priora,
722 1317 832 1370 crient.
849 1327 891 1370 44.
906 1334 931 1369 4.
946 1335 1008 1384 pen.

191 1418 258 1456 cers.
277 1417 370 1456 oerum
386 1403 415 1456 si
430 1401 510 1454 inter.
528 1403 566 1456 Χ.
583 1402 616 1456 tie
632 1401 756 1471 sponsal.
776 1411 800 1452 t.
818 1419 855 1455 ea·
872 1399 965 1454 litera's.
988 1411 1011 1454 4.

189 1487 225 1538 Χ.
251 1482 286 1538 444
311 1483 426 1540 mrim.
452 1494 588 1540 44444444.
612 1493 700 1538 contr.
721 1486 822 1540 interd.
839 1485 931 1538 eccles.
948 1505 972 1540 c.
988 1495 1011 1540 4.

187 1571 225 1624 Χ.
243 1571 276 1624 414
299 1571 430 1624 4144441444.
454 1571 487 1623 414
508 1585 602 1638 spons.
626 1568 726 1624 1444444.
747 1569 1009 1640 Carpiondsfisor.

191 1675 217 1724 p.
233 1665 256 1706 4.
269 1673 292 1708 4.
315 1667 356 1708 44.
377 1653 403 1706 44.
424 1666 447 1708 4.
462 1653 562 1708 Clarias.
583 1653 652 1710 4444.
671 1653 764 1706 4444444.
780 1672 807 1723 p.
822 1666 845 1708 4.
864 1653 921 1708 elec.
940 1664 963 1708 4.
983 1673 1010 1708 n

118 1756 147 1797 44
194 1750 236 1792 tt.
256 1739 344 1792 Strus.
358 1755 448 1793 exerc.
463 1741 557 1792 44414.
573 1749 616 1792 44.
628 1737 710 1792 trodo
722 1737 753 1789 ad
768 1739 857 1808 priore
871 1737 1012 1791 claudesti-

192 1841 225 1877 us
244 1823 283 1875 sel
302 1820 510 1888 conditionalia,
527 1831 591 1876 aute
609 1821 714 1892 publice
733 1822 773 1877 rel
787 1839 850 1893 pura
863 1820 1011 1886 subsecuta,

190 1925 246 1962 coss
264 1907 406 1960 4444444444
422 1907 515 1976 444414
533 1906 664 1972 carnalis,
682 1922 750 1976 quae
768 1920 801 1958 es
821 1903 1015 1959 conditionatis

190 2009 273 2063 pura,
291 2007 324 2044 ex
342 1990 516 2044 clandestinis
535 1988 603 2042 44444
621 1989 739 2060 publica,
753 2000 777 2042 et
791 1989 929 2059 quideme
945 1996 1012 2042 tem·

117 2095 148 2140 ²²
191 2091 256 2146 pore
266 2074 384 2145 copulae.
398 2074 575 2127 Praesumunt
586 2073 657 2126 enim
669 2075 728 2140 juro
739 2072 875 2137 canonica,
887 2089 1011 2126 concum-

191 2159 299 2212 bentem
318 2175 378 2212 cusu
398 2159 486 2230 eliqua
507 2157 637 2221 ioemius,
659 2158 742 2210 multo
762 2159 846 2227 magis
859 2174 918 2210 cum
931 2173 1012 2223 spon-

191 2259 218 2297 sa
238 2261 297 2307 sua,
316 2243 407 2296 auimo
426 2240 543 2296 4411414444
560 2237 755 2303 contrahendi,
774 2257 829 2294 non
852 2241 943 2294 animo
964 2255 1013 2293 ex·

191 2327 283 2400 piendi
304 2326 455 2385 libidinem,
469 2324 650 2390 concubuisse,
664 2324 815 2380 44441444.
833 2338 873 2378 tt·
887 2327 919 2379 de
930 2341 1014 2394 spon·

118 2432 150 2476 ,s
191 2412 241 2468 sal.
255 2409 484 2481 Quoniarnomnis
498 2407 677 2480 praesumptio
689 2419 731 2462 est
743 2407 836 2462 delicti
849 2408 1017 2462 exclusisset

195 2497 224 2552 ic
234 2495 371 2550 meliorem
384 2501 496 2566 partem,
509 2510 567 2562 arg.
574 2493 593 2546 1.
601 2511 660 2554 non
671 2493 769 2550 salom.
777 2492 974 2564 §.sedprcdan‘
973 2491 1015 2562 ff.

195 2581 230 2636 de
240 2595 301 2634 noo.
316 2596 388 2649 oper.
402 2579 522 2634 nunciat.
537 2577 556 2631 t.
569 2578 665 2632 merito
679 2587 722 2630 44.
730 2575 826 2651 ffipro
837 2597 892 2632 soc.
906 2579 923 2630 1.
935 2593 1017 2650 prae·

195 2676 247 2718 tor.
263 2675 288 2717 4.
300 2671 322 2726 ς.
333 2661 437 2718 docere.
457 2659 544 2728 tt.ffi
557 2662 590 2715 de
602 2661 634 2714 ui
644 2661 708 2714 don.
723 2673 792 2735 rapt.
803 2681 861 2732 cap.
881 2672 976 2718 estote.
992 2673 1016 2716 4.

200 2749 237 2803 1.
249 2747 275 2801 d.
289 2765 311 2802 r.
325 2747 351 2821 1'·
372 2769 396 2804 c·
414 2747 463 2802 4414.
482 2747 518 2799 Χ.
534 2744 572 2801 414
583 2758 747 2816 praesumpt.
760 2747 821 2800 add.
840 2748 972 2802 Masosrd.
985 2747 1020 2802 414

194 2830 398 2902 44414444441.
408 2840 469 2883 444.
479 2831 598 2884 etconcl.
615 2840 690 2884 4444.
704 2849 733 2884 4.
749 2841 773 2882 4.
785 2832 876 2886 Faria.
885 2833 1017 2902 pnerim.

121 2933 154 2976 ss
196 2934 225 2986 4.
236 2928 259 2970 4.
271 2935 297 2988 p.
312 2928 355 2970 tt.
370 2933 398 2969 44.
411 2925 434 2968 4.
445 2927 474 2969 et
483 2930 555 2986 seqq.
568 2915 692 2988 dictaque
705 2915 886 2988 praesumptio
896 2918 947 2986 jur.
961 2933 1019 2972 esa.

197 3009 237 3053 444
255 3000 323 3070 juris
340 3008 368 3052 et
383 2997 416 3052 de
434 3000 507 3066 iure,
527 3015 576 3052 uec
594 2999 779 3071 probationem
802 2999 830 3052 iu
855 3001 1017 3056 contrarium

198 3084 327 3146 admittit.
348 3085 433 3154 bique
450 3084 488 3138 its
506 3084 589 3139 etiam
610 3085 638 3137 in
658 3083 783 3140 facultate
801 3085 900 3156 inclyta
920 3086 1019 3156 juridi-

198 3190 227 3226 44
247 3186 419 3242 responsum,
440 3171 512 3225 naria
532 3169 666 3241 Bielefild
686 3185 771 3222 mens.
789 3170 936 3241 septembri
954 3169 1018 3224 anni

202 3265 277 3308 4444.
293 3263 403 3308 testatur
422 3254 469 3308 du.
482 3256 592 3308 Pracees
607 3254 635 3306 in
649 3263 705 3308 not.
718 3254 757 3308 ad
765 3253 828 3308 inst.
842 3253 884 3308 414.
896 3252 930 3308 414
942 3265 1021 3324 nupt.

122 3363 154 3404 25
195 3355 223 3406 p.
238 3347 280 3393 44.
299 3338 365 3392 Sunt
385 3348 470 3392 tamen
489 3338 559 3392 iuter
575 3337 620 3391 dd.
639 3338 739 3408 aliqui,
752 3339 799 3408 qui
811 3339 945 3411 sponsalia
954 3357 1017 3394 cou-

198 3421 290 3474 cubitu
315 3431 465 3476 coanimata
484 3419 637 3475 indistincte
667 3420 818 3490 44444444444
849 3423 970 3492 reliquis,
988 3423 1023 3477 ob

123 3529 161 3572 η
202 3521 362 3562 4444444444
381 3507 466 3574 majus
486 3503 596 3561 vitiatae
611 3505 818 3576 praejudicium.
845 3507 945 3559 Verum
973 3507 1023 3561 boc

202 3591 288 3660 magis
306 3605 337 3643 ex
355 3587 512 3659 aequitate,
530 3605 609 3657 quam
628 3588 716 3641 stricti
736 3589 849 3658 quadam
862 3589 930 3658 juris
941 3591 1023 3646 ratiu-

201 3691 255 3736 ne,
274 3690 334 3726 cum
353 3672 411 3740 iura
436 3689 491 3725 uon
515 3670 677 3739 admittent,
697 3687 856 3743 quemquam
883 3671 952 3726 iacto
976 3691 1023 3728 suo

199 3759 299 3814 illicito
318 3777 364 3812 seu
384 3756 566 3828 delinquendo
584 3755 661 3810 alteri
682 3759 724 3826 jus
741 3757 893 3826 quaesitum
918 3756 1022 3810 44444444

200 3861 294 3918 porse,
312 3859 371 3913 arg·
383 3843 401 3894 1.
414 3841 440 3897 41
449 3857 519 3896 unus
535 3847 613 3904 444.
630 3851 653 3892 4.
668 3857 736 3894 cers.
749 3852 813 3896 ante
826 3843 920 3896 anania
929 3840 973 3909 ff.
989 3839 1024 3896 414

201 3939 274 4000 part.
289 3929 307 3980 1.
317 3927 434 3998 pupilia.
448 3938 489 3978 st.
500 3928 522 3994 5
534 3923 661 3994 plurium.
680 3937 703 3978 t.
705 3923 749 3992 ff.
760 3925 794 3979 de
805 3925 877 3980 novi
887 3945 933 3994 op·
948 3946 1022 3982 nun·

202 4013 267 4066 ciat.
280 4010 298 4063 1.
307 4009 518 4082 paterfamilias.
531 4017 571 4062 44.
583 4005 626 4076 ff.
644 4005 802 4062 4144444441.
820 4011 907 4061 instit.
925 4009 946 4060 1.
966 4027 1022 4064 non

203 4094 288 4150 444444.
301 4108 312 4148 4
323 4091 391 4162 ⁴·ff0
402 4093 428 4146 41.
439 4109 462 4146 4.
473 4092 492 4146 4.
503 4093 520 4144 1.
533 4090 686 4146 cohaeredi.
704 4103 745 4144 tt.
767 4109 790 4144 c.
799 4093 899 4163 sumai.
914 4093 1022 4149 laerca'sc.

206 4179 223 4231 1.
236 4177 364 4232 1444444144
379 4186 418 4229 te.
430 4181 450 4236 4.
462 4174 491 4228 in
504 4172 609 4243 illnff.
623 4171 708 4229 44441.
721 4174 816 4246 siquis
825 4191 889 4229 suo.
903 4190 942 4230 ss.
955 4178 1024 4240 §.ls-

203 4261 245 4332 gis
257 4273 279 4315 4.
292 4277 314 4313 c.
324 4259 357 4314 de
366 4255 476 4330 inoffic.
487 4267 638 4312 testament.
649 4259 667 4310 4.
676 4259 819 4312 incensae.
828 4270 872 4311 44.
883 4258 973 4331 infin.
981 4277 1024 4334 pr.

195 4345 237 4416 ff.
255 4349 288 4400 414
296 4353 436 4413 procurat.
455 4343 514 4396 ndd.
532 4343 578 4396 4144.
599 4345 843 4415 1144444441444.
859 4353 899 4398 44.
913 4355 940 4396 et
951 4361 1022 4417 seqq.

129 4451 163 4492 aa
240 4431 350 4502 Nuptias
367 4430 481 4500 amplius
494 4427 654 4498 praecedere
673 4429 740 4481 44144
752 4429 859 4499 publica
871 4440 897 4481 44
910 4430 1020 4500 quidem

206 4517 328 4572 triones
347 4522 468 4584 suggestu
487 4511 672 4584 proclamatio,
689 4529 711 4565 c.
727 4523 751 4564 4.
766 4513 800 4564 Χ.
814 4512 952 4566 4144144441.
970 4514 1017 4568 de·

206 4614 295 4666 spons
313 4598 380 4650 alibi
398 4595 570 4650 deutsuciatio
596 4613 642 4648 seu
667 4593 783 4649 monitio
807 4595 878 4648 trina
905 4594 1020 4661 elicitur,

206 4703 257 4756 qua
275 4683 389 4748 omissa,
408 4680 608 4736 matrimonium
627 4679 785 4752 perhibetur
806 4680 1021 4747 clandestinum

206 4769 268 4822 1414.
287 4767 434 4822 Guttierea.
449 4775 535 4837 praes.
554 4783 598 4836 pn.
616 4764 636 4815 1.
657 4774 681 4816 4.
699 4781 724 4833 ᾳ.
747 4773 769 4818 t.
790 4781 817 4816 n·
838 4777 879 4818 ttt.
903 4775 930 4820 et
952 4782 1022 4837 seqq.

134 4883 169 4924 η
208 4851 296 4906 stater
312 4867 341 4906 ea
360 4849 483 4904 effectum
500 4847 654 4914 citationis,
673 4849 702 4900 ia
721 4864 810 4902 casum
828 4851 942 4906 omissae
959 4867 1022 4906 ooa-

208 4933 358 4988 traditionis
375 4932 431 4986 rim
449 4930 567 5002 impositi
582 4929 700 4998 silentii,
716 4931 763 4986 dn·
777 4935 858 4988 Prses
869 4937 896 4989 41.
910 4936 928 4988 1.
939 4955 966 5008 p.
981 4947 1023 4988 ss.

138 5035 170 5075 44
210 5015 279 5088 Ergo
297 5015 368 5080 nihil
388 5014 444 5070 lere
461 5014 544 5069 diuini
563 5015 699 5082 continet,
719 5029 744 5072 et
767 5020 948 5074 tantummodo
966 5021 1024 5074 loco

138 5123 173 5160 20
210 5099 347 5152 citationis
365 5106 414 5153 est.
437 5097 515 5152 Unde
534 5098 649 5166 colligoe
667 5117 721 5154 4444
739 5112 809 5156 recte
832 5103 936 5172 primae
959 5121 1022 5176 pro·

210 5181 363 5236 clamationi
383 5180 492 5252 adjungi
511 5182 651 5235 4444441444
677 5192 706 5236 et
731 5184 835 5238 tertiam
856 5184 882 5238 h.
902 5203 935 5238 44.
957 5205 980 5258 p.
1000 5203 1026 5256 p.

208 5266 316 5320 werden
334 5284 395 5320 sum
414 5263 520 5320 scande
543 5265 593 5317 der
615 5267 731 5338 hetligen
756 5268 819 5322 tene
842 5265 1024 5338 naugaiosus,

141 5371 168 5412 ῃ
211 5349 262 5404 der
279 5351 338 5404 Nli'.
359 5352 408 5402 4414
425 5349 472 5402 der
490 5350 550 5404 ΝΝ.
567 5367 626 5404 sum
639 5354 876 5422 ennarandsrn,
890 5357 947 5408 und
958 5356 1026 5410 drit-

210 5435 333 5490 4444444141
339 5473 349 5501 ,
365 5434 427 5504 qnia
446 5433 491 5486 hic
508 5433 597 5502 agitur
614 5434 647 5488 de
666 5436 815 5505 privatione
839 5439 907 5508 juris
924 5448 954 5492 et
972 5441 1025 5494 im·

142 5535 172 5574 44
211 5517 342 5588 positione
358 5517 477 5584 silentii,
498 5515 570 5572 8444.
588 5516 621 5572 de
632 5519 719 5592 judic.
738 5522 756 5574 t.
780 5534 802 5576 4.
819 5541 844 5577 4.
864 5535 890 5576 4.
908 5524 995 5578 blind.
1008 5527 1027 5578 4.

212 5615 234 5654 4.
253 5619 275 5656 4.
297 5613 320 5654 4.
342 5621 369 5656 4.
390 5612 414 5656 t.
434 5601 519 5660 Sicuti
539 5603 611 5656 euim
625 5604 763 5660 4444444444
774 5601 858 5674 alise,
870 5609 976 5680 publico
989 5611 1026 5662 lo·

211 5705 241 5740 cc
259 5682 449 5756 alfini-solitae
474 5705 495 5742 e.
522 5702 559 5758 pr.
584 5686 674 5742 cridae
692 5689 775 5764 (quae
800 5703 862 5747 suut
886 5693 1026 5749 citationes

516 345 519 350 .
614 295 664 355 DE
684 285 1071 356 4444444441444444444
1088 283 1134 344 E'l
1153 283 1276 346 rutnts
1297 281 1452 346 uurrtts.

1770 291 1822 346 544

1061 386 1123 441 41144
1141 385 1276 458 publicae,
1296 399 1341 438 seu
1353 385 1528 456 proclamata,
1542 385 1638 457 quibus
1652 385 1806 457 creditores,
1825 391 1871 460 qui

1061 471 1192 526 interesse
1209 469 1316 538 aliquod
1335 469 1365 522 44
1384 467 1463 521 bonis
1482 467 1611 524 debitoris
1630 489 1786 526 concursum
1800 473 1873 528 esci·

1063 560 1157 624 tantis,
1176 556 1348 630 praetendere
1365 564 1490 628 possunt,
1509 557 1615 626 publice
1627 558 1758 626 nitantur,
1778 567 1808 612 nt
1832 559 1875 612 in·

1061 657 1103 699 tra
1121 653 1220 700 certum
1241 651 1345 713 tempus
1357 647 1526 712 compareant
1539 659 1569 695 sc
1580 641 1710 694 credituro
1724 659 1799 695 suurn
1812 657 1876 714 pro·

1061 729 1137 795 14444,
1150 746 1180 782 44
1193 727 1242 780 bas
1256 743 1351 780 nomeu
1366 735 1543 797 pepererunt,
1557 723 1629 777 notis
1643 725 1700 776 illis
1714 728 1873 796 praesertim

1061 815 1091 867 444
1112 811 1267 868 4444444444
1285 809 1465 882 processibus,
1483 808 1556 863 crido
1572 823 1732 880 praeessen,
1745 799 1791 880 qui
1804 809 1872 880 rpud
1915 803 1945 844 ³³

1062 915 1110 952 uos
1128 911 1267 968 processus
1286 909 1427 952 concursus
1446 892 1608 946 creditorum
1623 892 1805 964 appellantur)
1823 909 1877 947 nou

1064 993 1173 1055 possunt
1189 980 1271 1034 citius
1289 975 1376 1048 religi,
1393 994 1471 1048 quam
1488 987 1592 1048 tempus
1606 977 1709 1047 legibus
1723 973 1875 1042 definitum,

1062 1070 1104 1122 rel
1121 1063 1312 1120 consuetudine
1328 1063 1378 1118 loci
1397 1061 1578 1116 introductum
1596 1062 1805 1133 praeterlapsum
1821 1059 1877 1113 iue-

1062 1153 1115 1214 rit,
1135 1159 1162 1204 44
1178 1150 1311 1203 citationes
1335 1147 1401 1202 aliae
1424 1145 1574 1218 simplices,
1601 1145 1756 1215 regulariter
1795 1143 1880 1200 trihus
1916 1139 1946 1183 ³⁴

1063 1234 1165 1288 risibus
1186 1230 1334 1295 faciendae,
1353 1228 1481 1284 Gotlsolr.
1498 1229 1586 1299 Fibig.
1603 1245 1717 1300 process.
1735 1235 1758 1292 ς.
1779 1237 1803 1280 4.
1816 1247 1875 1300 pag.
1914 1231 1944 1272 ts

1066 1327 1107 1372 44.
1118 1318 1130 1386 (
1140 1317 1193 1370 4444
1207 1314 1275 1367 44444
1288 1314 1373 1384 prims
1386 1313 1477 1368 citatio
1494 1313 1624 1368 contineat
1636 1323 1720 1366 totum
1734 1313 1877 1368 terminum

1064 1401 1270 1475 peremptorium
1281 1401 1299 1452 1.
1313 1417 1529 1470 nonnumquam.
1542 1411 1584 1452 tt.
1588 1397 1629 1468 ff
1645 1399 1676 1452 de
1685 1399 1768 1469 p'udr'c.
1782 1400 1800 1453 1.
1814 1416 1880 1453 con·

1064 1497 1235 1541 serraricum.
1250 1495 1274 1537 4.
1287 1501 1312 1538 4.
1326 1483 1454 1554 quomod.
1471 1492 1498 1534 et
1515 1483 1613 1552 quand.
1628 1483 1687 1552 4441.
1704 1483 1773 1555 quod
1793 1483 1879 1536 iuter-

1063 1571 1126 1624 dum
1146 1569 1232 1633 iatttr,
1250 1567 1379 1623 1444444444.
1399 1566 1545 1620 1444444444.
1563 1583 1679 1635 process.
1695 1585 1717 1620 c.
1745 1581 1767 1620 4.
1787 1585 1814 1620 n.
1836 1578 1877 1622 44.

1066 1660 1153 1713 84444.
1172 1655 1206 1707 414
1217 1654 1280 1727 jud.
1299 1652 1317 1705 1.
1340 1664 1361 1704 4.
1380 1669 1404 1706 4.
1426 1663 1449 1705 4.
1469 1650 1592 1704 11144144.
1611 1651 1630 1704 1.
1650 1662 1675 1706 4.
1692 1669 1715 1706 4.
1736 1662 1758 1702 4.
1789 1671 1816 1704 44.
1838 1651 1879 1723 a.)
1918 1648 1950 1690 ³⁶

1064 1759 1117 1796 non
1133 1740 1234 1796 ,44414444
1252 1736 1407 1792 commutari
1426 1736 1455 1788 iu
1474 1753 1551 1788 444444
1561 1773 1571 1802 ,
1590 1733 1734 1789 terminum
1746 1733 1879 1806 simplicis

1065 1825 1203 1879 citationis
1228 1823 1427 1888 continentem,
1446 1821 1482 1875 its
1498 1836 1602 1892 quoque
1628 1819 1684 1891 ipsa
1709 1821 1881 1890 proclamatio

1065 1920 1226 1974 memorata,
1244 1925 1310 1980 qnae
1329 1907 1357 1960 in
1376 1906 1492 1960 44444444
1511 1921 1620 1970 mrum,
1638 1901 1684 1974 qni
1711 1902 1823 1957 14444444
1840 1903 1883 1955 iu·

1069 2004 1107 2047 tra
1128 1993 1194 2048 illud
1218 2002 1321 2062 tempus
1331 1989 1512 2044 contradicere
1534 1998 1653 2061 possent,
1668 1987 1814 2043 introducta
1832 1995 1882 2055 444,

1066 2098 1118 2134 uon
1145 2087 1233 2150 potest
1258 2093 1344 2147 neque
1369 2091 1416 2147 pes
1441 2075 1613 2141 sacerdotem,
1641 2091 1725 2145 neque
1748 2072 1883 2145 peripsos

1068 2163 1214 2228 nubentes,
1231 2158 1382 2214 abbreviari
1403 2169 1445 2212 sut
1462 2158 1599 2210 immutari
1618 2157 1647 2212 44
1660 2175 1748 2223 urnam,
1762 2154 1818 2208 nisi
1829 2156 1885 2209 lor·

1068 2259 1093 2303 te
1110 2245 1367 2301 circumstantiarum
1386 2241 1536 2306 evidentia,
1554 2251 1597 2294 ant
1613 2241 1664 2295 alia
1677 2239 1805 2312 quaedam
1824 2257 1884 2293 cau·

1068 2349 1095 2386 44
1116 2347 1277 2402 praegnans,
1296 2328 1352 2380 sire
1370 2325 1452 2379 etiam
1470 2323 1630 2378 consuetudo
1648 2323 1746 2376 alicubi
1766 2325 1883 2377 locorum

1069 2425 1189 2487 recepto,
1208 2411 1273 2468 illud
1292 2409 1453 2483 permittant
1466 2409 1550 2461 Porro
1563 2423 1595 2460 er
1618 2407 1699 2460 dictis
1711 2403 1886 2474 concluditur,
1923 2393 1953 2436 ⁸²

1070 2501 1129 2554 sine
1152 2499 1325 2554 fundamento
1350 2501 1487 2564 receptum
1508 2507 1610 2546 rnorem
1629 2491 1706 2543 illum
1725 2490 1798 2542 inter
1817 2507 1885 2544 nou·

1070 2587 1158 2638 nullos
1176 2582 1252 2638 rerbi
1270 2580 1357 2636 dirini
1376 2577 1531 2642 ministros,
1551 2593 1619 2646 quo,
1632 2576 1690 2628 loco
1701 2572 1831 2628 tornatae
1846 2573 1882 2626 il·

1071 2669 1122 2722 lius
1135 2668 1185 2721 14444
1197 2665 1331 2720 incientis:
1348 2665 1501 2720 Weresoas
1514 2659 1675 2716 niernienter
1684 2679 1718 2713 zu
1729 2674 1825 2728 sagen,
1837 2657 1886 2710 der

1069 2754 1134 2806 414444
1146 2768 1174 2804 es
1186 2753 1236 2822 tay
1254 2750 1339 2806 seiten
1353 2747 1412 2804 und
1422 2745 1551 2816 sclrmige
1569 2745 1702 2809 1444444444,
1718 2745 1884 2813 4441444444-

1073 2837 1213 2892 tulationes
1225 2851 1306 2888 noras
1318 2831 1426 2905 nuptias
1438 2839 1625 2884 concernentes
1639 2829 1809 2894 substituunt,
1822 2843 1880 2882 rem

1071 2923 1157 2995 ipsam
1176 2919 1323 2991 negligunt.

1108 3009 1161 3063 Sed
1181 3008 1214 3062 ad
1232 3007 1332 3079 primas
1351 3004 1462 3078 nuptias.
1479 3001 1639 3076 Nuptiarum
1665 3019 1824 3074 synonyma,
1843 3000 1888 3056 de·
1928 3017 1958 3060 44

1071 3091 1240 3156 linitionem,
1258 3091 1389 3161 originem
1410 3101 1436 3144 et
1454 3089 1476 3142 si
1492 3087 1566 3142 milia
1591 3089 1637 3159 qui
1662 3087 1811 3152 desiderat,
1830 3085 1889 3152 4441,

1072 3177 1164 3232 vitum
1174 3175 1377 3248 ophthalmium
1393 3173 1421 3228 in
1427 3189 1547 3244 process.
1553 3173 1610 3243 jur.
1624 3172 1750 3244 municip.
1760 3189 1887 3242 pragens.

1073 3263 1111 3316 etr.
1128 3273 1171 3314 ss.
1181 3279 1209 3333 p.
1226 3269 1284 3313 444.
1300 3259 1395 3312 toton.
1414 3257 1513 3309 444444.
1533 3253 1600 3328 disp.
1614 3267 1638 3311 4.
1651 3256 1785 3326 quinam.
1796 3263 1886 3308 contr.

1071 3361 1143 3415 poss.
1157 3345 1192 3397 44,
1209 3354 1231 3394 4.
1245 3343 1263 3396 1.
1279 3353 1302 3396 t.
1307 3339 1349 3410 ff
1362 3342 1395 3394 de
1408 3339 1451 3394 rit.
1467 3349 1541 3413 nupt.
1554 3345 1576 3404 4.
1594 3351 1616 3393 4.
1628 3339 1646 3392 4.
1659 3341 1692 3394 414
1702 3349 1775 3410 patr.
1793 3347 1888 3410 potest.

1073 3429 1278 3499 1414144444444.
1297 3423 1388 3480 decad.
1409 3437 1432 3477 4.
1451 3423 1659 3496 44444444441.
1681 3432 1705 3475 4.
1724 3441 1752 3475 4.
1778 3433 1802 3476 4.
1828 3422 1890 3476 Job.

1076 3516 1159 3584 Copp.
1178 3529 1256 3566 usum
1267 3520 1357 3583 procl.
1370 3509 1432 3562 inst.
1446 3509 1502 3562 444.
1523 3519 1563 3562 44.
1583 3507 1636 3560 1144
1654 3507 1687 3560 414
1704 3507 1800 3578 primis
1814 3505 1891 3561 dum·
1928 3523 1959 3568 44

1074 3611 1141 3655 tanat
1158 3596 1263 3668 4444444
1281 3603 1421 3665 occupatus
1440 3607 1500 3656 ero,
1518 3607 1582 3662 quas
1607 3591 1793 3662 monogamiae
1815 3607 1891 3645 roca·

1075 3685 1137 3738 144144
1154 3681 1247 3748 411444,
1268 3685 1325 3737 Vol.
1345 3677 1430 3732 Andr.
1455 3678 1557 3732 Dessel.
1576 3675 1604 3729 in
1616 3685 1727 3731 erotem.
1741 3677 1801 3750 jur.
1820 3693 1885 3731 ean.

1074 3769 1115 3818 444.
1126 3765 1158 3818 de
1171 3762 1268 3835 dignm.
1280 3782 1336 3817 non
1350 3763 1535 3830 ordinesque
1551 3775 1585 3812 ex
1603 3758 1783 3830 suppositione
1801 3761 1891 3829 ponti·
1929 3770 1961 3814 44

1075 3847 1219 3914 doiorum,
1238 3859 1315 3918 atque
1341 3863 1377 3900 ex
1395 3844 1571 3915 dispositione
1587 3844 1654 3913 juris
1675 3843 1798 3896 canonici
1821 3843 1891 3897 solae

1075 3931 1266 3990 betredicuntur
1284 3951 1298 3984 a
1317 3930 1469 3992 sacerdote,
1487 3945 1543 3980 444
1561 3926 1705 3992 secundae,
1723 3945 1783 3998 cop.
1807 3937 1830 3978 4.
1854 3929 1890 3980 Χ.

1075 4017 1109 4070 414
1119 4015 1227 4071 secund.
1241 4023 1319 4082 nupt.
1332 4015 1422 4084 ibique
1441 4011 1544 4067 1144441.
1566 4021 1670 4084 quaere·
1692 4021 1716 4066 4.
1733 4011 1890 4064 4414114444.

1076 4099 1110 4154 de
1120 4107 1251 4155 coneraes.
1265 4097 1289 4150 d.
1301 4107 1335 4151 er.
1345 4115 1404 4168 pag.
1414 4107 1475 4149 444.
1489 4115 1516 4149 n.
1532 4106 1574 4149 so.
1589 4097 1681 4151 44444.
1690 4093 1769 4150 llatd.
1780 4095 1830 4150 sut
1841 4111 1892 4150 oo·

1074 4201 1105 4236 ce
1118 4180 1333 4238 matrimonium.
1348 4199 1376 4233 n.
1392 4189 1433 4234 ts.
1446 4189 1473 4233 et
1487 4190 1527 4232 tt.
1541 4189 1644 4249 quaest.
1654 4187 1813 4246 praeerunt
1822 4195 1890 4248 quo·

1074 4283 1126 4335 que
1137 4274 1269 4336 praeterea
1281 4261 1438 4315 favorabiles
1450 4265 1507 4331 jure
1521 4263 1794 4329 44444444-11444444,
1809 4263 1885 4317 zoes.

1077 4345 1160 4415 adff.
1172 4349 1206 4401 de
1217 4345 1296 4401 cond.
1310 4355 1336 4400 et
1349 4346 1416 4398 dem.
1425 4362 1453 4398 n.
1464 4355 1504 4398 te.
1517 4343 1713 4399 secundaesera
1723 4345 1793 4417 (qno
1804 4345 1892 4399 nomi·
1929 4365 1957 4408 tt

1075 4451 1108 4485 44
1126 4433 1207 4486 etiem
1226 4431 1336 4492 tertiae,
1354 4439 1462 4500 quartae
1476 4429 1720 4494 veniunt,1lessel.
1735 4429 1890 4484 4144444441.
1929 4451 1960 4491 tr

1075 4525 1151 4587 nupt.
1168 4535 1212 4588 qu.
1227 4526 1250 4566 4.
1262 4525 1289 4568 44
1306 4511 1438 4582 bigamiae
1455 4528 1501 4566 seu
1519 4511 1684 4582 polygamiae
1697 4511 1821 4566 voeabula
1836 4511 1891 4564 ibl-
1928 4535 1959 4574 42

1077 4598 1136 4654 dem
1156 4600 1315 4662 efferuntur,
1335 4597 1375 4650 414.
1392 4597 1426 4651 414
1441 4595 1540 4665 dignm.
1562 4613 1619 4650 non
1637 4595 1729 4650 ordin.
1747 4595 1825 4658 illis,
1843 4595 1889 4666 qni
1930 4615 1960 4656 tt

1076 4697 1120 4736 ess
1139 4682 1233 4736 ineunt
1249 4679 1358 4738 biuubis
1377 4679 1472 4743 dietis,
1488 4678 1559 4733 Phil.
1573 4675 1891 4750 anacreontium
1929 4698 1960 4740 ts

1077 4773 1249 4822 testamento.
1260 4783 1282 4820 c·
1295 4765 1452 4820 4144444441.
1465 4775 1539 4836 nupt.
1551 4765 1564 4835 )
1574 4781 1624 4836 pro
1641 4763 1744 4818 edidsis
1760 4776 1889 4836 reputan-

1078 4865 1131 4918 tur,
1144 4852 1213 4906 beat.
1230 4849 1276 4904 du.
1295 4847 1441 4902 Brunuem.
1460 4859 1541 4916 repet.
1553 4847 1671 4918 parasiti.
1690 4847 1843 4905 Wesendec.
1854 4849 1887 4906 414

1076 4934 1263 5002 secundnupt·
1275 4952 1319 5004 qu.
1335 4941 1377 4986 ts·
1390 4931 1496 4995 Confer.
1510 4931 1528 4984 1.
1543 4943 1566 4986 4.
1580 4941 1603 4984 4.
1618 4943 1642 4985 4.
1654 4942 1682 4986 et
1693 4931 1712 4986 1.
1725 4933 1778 4986 tan
1788 4931 1892 4988 edicia-

1077 5020 1105 5074 li.
1119 5032 1144 5072 4.
1157 5036 1180 5072 c·
1193 5017 1227 5070 de
1236 5013 1344 5070 44444441.
1357 5025 1432 5086 nupt.
1443 5018 1479 5070 N·
1494 5024 1537 5070 44.
1550 5035 1572 5070 e.
1586 5026 1628 5069 44.
1643 5026 1685 5070 44.
1701 5026 1744 5070 44.
1762 5027 1791 5072 ed
1810 5019 1845 5072 Ν.
1865 5030 1888 5072 4.

1077 5121 1099 5156 4.
1113 5115 1135 5153 4.
1148 5111 1176 5154 et
1189 5109 1213 5152 4.
1230 5100 1269 5152 Er
1288 5117 1339 5169 quo
1356 5117 1409 5155 aon
1429 5099 1519 5154 statim
1538 5097 1645 5154 4444444
1664 5110 1725 5164 444,
1742 5119 1787 5156 eas
1803 5103 1893 5158 44444-
1930 5126 1963 5169 ar

1079 5203 1114 5238 no
1132 5183 1281 5254 prohibitas
1300 5197 1357 5238 esse
1375 5195 1454 5254 atque
1473 5185 1598 5249 illicitas,
1615 5203 1678 5240 cum
1696 5187 1893 5258 4444444441-

1077 5269 1140 5323 4444
1157 5265 1550 5338 4411444444444444444444444,
1568 5269 1640 5324 Gen.-
1651 5287 1710 5344 cap.
1726 5283 1768 5326 44.
1779 5289 1855 5327 oss-s.
1871 5283 1894 5327 t.

1078 5351 1279 5418 44114444.444,4.
1293 5361 1402 5404 ⁷·oers.
1418 5361 1441 5402 4.
1454 5359 1480 5404 44
1495 5361 1519 5405 4.
1536 5353 1636 5422 41144.
1655 5363 1698 5406 44.
1716 5369 1786 5406 cers.
1805 5362 1847 5406 44.
1869 5367 1892 5408 4.

1080 5437 1119 5492 ad
1134 5435 1328 5504 Corintb.cap.
1343 5447 1365 5487 4.
1379 5450 1454 5490 vers·
1468 5453 1493 5491 4.
1512 5445 1538 5488 44
1557 5449 1599 5494 ts·
1623 5447 1644 5489 4.
1662 5439 1699 5492 ad
1722 5437 1840 5491 T'srnotls.
1863 5451 1891 5492 4.

1080 5535 1145 5572 cers.
1162 5517 1268 5573 tl.Sed
1287 5525 1391 5572 tautum
1410 5519 1476 5572 illud
1501 5519 1636 5589 sequitur,
1660 5523 1717 5588 iure
1741 5537 1796 5574 4444
1821 5531 1896 5577 tauto
1935 5553 1965 5595 tt

1080 5598 1169 5656 144444
1179 5599 1299 5672 prosequi
1313 5600 1438 5654 secundas
1447 5601 1567 5674 nuptias,
1580 5619 1611 5657 so
1621 5615 1818 5674 prosequuntur
1830 5609 1896 5679 pri-

1082 5701 1153 5752 rnss,
1172 5685 1241 5756 quod
1259 5693 1364 5756 praeter
1381 5685 1433 5739 alia
1450 5683 1548 5740 erittde
1559 5687 1653 5758 elucet,
1665 5688 1735 5760 quot
1747 5707 1773 5745 e.
1783 5707 1822 5763 qr.
1835 5707 1895 5748 con·
