4396 6286
220 235 273 287 sos
666 241 714 294 Dl‘.
734 244 925 314 PEttsotlts,
945 239 1046 316 Qutts
1065 241 1297 299 SUSPENDERE
1315 261 1374 303 esc.
1755 247 1808 305 soi

166 329 353 400 Distinguitur
368 329 561 388 interdcllsto·
571 351 599 386 ιι.
614 344 655 390 11.
669 354 739 409 sepp.
1037 339 1076 394 sel
1094 343 1140 407 qul
1160 341 1295 411 episcopis
1317 345 1467 416 supetiores
1488 343 1632 415 111111,φὶ
1653 343 1693 398 cti
1719 343 1861 401 instituere

163 414 289 468 sinister
311 415 443 472 ecclesiae
470 417 571 486 abspes
594 437 730 477 consensu
753 425 913 478 consistorii
935 444 983 476 ne·
1035 432 1061 475 et
1079 441 1172 476 vocure
1191 436 1312 494 poterunt
1329 436 1448 496 pastores
1466 429 1607 492 eccleslnee
1626 430 1665 481 lts
1682 447 1785 499 quoque
1802 448 1859 482 eos·

194 500 253 568 puis
269 500 390 570 aliquem
407 501 568 573 suspendere
591 523 610 558 o
626 520 650 559 s.
667 523 754 560 coeno
772 509 819 560 uel
832 507 981 579 patrinatu.
1037 507 1096 560 dem
1117 511 1278 582 suspendere
1296 524 1323 566 et
1341 530 1476 568 removere
1494 533 1517 568 c.
1534 527 1575 568 tt.
1587 513 1628 568 tot
1633 534 1639 565 ι
1654 530 1798 580 suspensos
1810 533 1861 581 per

197 597 225 634 rs.
245 593 287 636 st.
1033 591 1175 657 episcopos
1186 609 1261 646 snos.
1273 595 1308 646 Χ.
1321 596 1456 664 deprivil.
1475 607 1502 650 et
1519 613 1622 650 ercess.
1639 595 1728 664 privil.
1745 597 1802 664 Qus
1822 597 1854 650 de
1893 618 1906 656 s

165 665 246 732 Quod
257 667 493 730 proboturordin.
506 670 618 725 eonsist.
631 689 660 726 n.
673 683 717 728 tt.
1035 689 1062 726 se
1082 675 1210 728 notabilia
1228 689 1289 731 sunt
1308 679 1385 733 verbs
1405 679 1543 752 pontilicis
1561 684 1591 735 in
1609 699 1631 734 c.
1654 690 1695 732 ts.
1710 681 1738 732 in
1752 678 1808 750 fiel
1823 682 1858 734 Χ.

160 747 244 800 Alius
255 749 420 818 injuriarum
434 763 550 810 tenetur.
564 774 589 809 n.
604 766 647 809 st.
904 785 909 796 ·
1035 759 1068 812 de
1080 759 1179 813 nosset.
1198 763 1275 831 Quod
1294 763 1318 815 si
1339 762 1408 816 forte
1427 767 1570 820 necessitas
1588 764 1749 836 postularet,
1770 774 1798 816 ut
1818 781 1858 818 ss·

159 831 220 883 Aut
228 835 361 900 suspendi
369 848 465 902 potest·
480 859 508 892 n.
526 853 569 892 tt·
1034 843 1147 910 cordos,
1174 855 1307 915 temqusns
1329 846 1434 902 inutilis
1453 861 1479 903 et
1497 848 1622 917 indignus
1649 867 1663 901 s
1687 864 1749 900 oure
1769 847 1856 911 gregis

162 917 241 982 Quod
250 919 393 974 limitetur.
409 941 436 974 n.
450 935 493 975 ts.
515 935 558 974 st.
1036 925 1129 981 ‹lehcnt
1148 933 1291 994 removeri,
1312 935 1446 1000 agendum
1465 944 1505 986 est
1519 933 1645 986 ordinate
1657 931 1734 1000 opud
1756 931 1856 998 episeo-

160 1000 385 1068 (tuissnspendot
396 1022 531 1072 personas
542 1006 702 1061 seculares?
714 1028 740 1063 n.
755 1019 799 1062 11.
1033 1031 1114 1078 pom,
1133 1013 1165 1064 nd
1178 1017 1251 1083 cujus
1263 1013 1383 1070 nllicinrn
1404 1028 1454 1070 tsm
1474 1017 1631 1082 institutio,
1648 1033 1726 1086 quesn
1742 1015 1856 1066 ‹testitu-

158 1087 204 1136 Ars
218 1087 302 1154 Papo
315 1087 511 1156 imperatorem
525 1092 567 1144 vel
577 1093 678 1157 reges?
696 1112 725 1145 n.
740 1105 780 1146 ss.
791 1110 861 1164 seqq.
1035 1098 1071 1150 tio
1090 1100 1254 1153 secerdotum
1275 1101 1396 1154 noscitur
1410 1102 1560 1172 pertinere:
1580 1112 1608 1154 et
1629 1102 1692 1154 lnce
1707 1101 1777 1152 ratio
1788 1117 1852 1167 qno·

157 1169 203 1217 An
218 1169 793 1245 snogissretusinferiorsilisubp'ectos?n.
808 1189 936 1248 cnseqq.
1032 1199 1084 1250 qno
1102 1182 1213 1236 hebetur
1233 1183 1261 1234 in
1282 1198 1345 1237 nov.
1362 1196 1400 1237 11.
1414 1203 1439 1238 c.
1454 1185 1517 1238 uin
1526 1184 1584 1254 fin.
1604 1185 1671 1238 Cum
1688 1201 1740 1254 qun
1760 1201 1853 1238 conre—
1891 1181 1904 1222 9

157 1253 475 1319 smllffldssmltt'ssl‘rt'sst'·
487 1275 513 1310 n.
528 1271 570 1310 ⁶⁵·
1034 1266 1075 1317 nit
1092 1265 1181 1317 ordin.
1200 1268 1292 1320 eccles.
1308 1268 1456 1337 Hemburg.
1475 1269 1516 1321 nt.
1539 1271 1601 1322 Van
1623 1268 1708 1322 ructu
1726 1265 1785 1320 und
1799 1267 1855 1318 Er·

155 1333 257 1404 Btpns'
266 1337 427 1393 elericorum
441 1340 554 1394 nomine
570 1343 731 1398 veniuntn-
746 1356 789 1396 11.
876 1377 879 1384 .
1033 1349 1158 1402 barneidt
1176 1350 1226 1400 der
1253 1352 1357 1404 Dener.
1375 1359 1397 1413 §.
1415 1355 1452 1405 So
1472 1362 1569 1406 noent.
1593 1355 1630 1406 So
1661 1352 1740 1406 einer
1764 1353 1855 1407 emme

155 1421 202 1470 Au
221 1420 307 1475 etiem
319 1425 406 1492 Papa
419 1435 446 1477 et
457 1427 591 1495 episcopi?
601 1447 630 1482 n.
644 1441 687 1483 11.
699 1439 808 1502 essepp.
1030 1447 1113 1501 syner
1134 1435 1392 1503 Unpesclsiklielseidt
1417 1437 1475 1489 rand
1501 1436 1721 1507 Misslmndeling
1745 1435 1834 1490 willens
1852 1477 1859 1503 ,

154 1501 237 1556 lflt'ct'
247 1524 353 1577 quoqne
365 1512 574 1575 suspenduntur·
588 1531 616 1565 n.
631 1524 671 1564 tc.
1030 1533 1112 1587 senes
1131 1520 1225 1571 Amtes
1245 1520 1322 1588 billip
1339 1519 1448 1572 sclsolde
1472 1529 1610 1574 entstettet
1627 1521 1754 1584 werden,
1784 1537 1853 1574 were

159 1589 245 1644 Varie
256 1591 338 1661 ltup'ns
350 1597 485 1664 exemplo.
500 1617 527 1650 ιι.
542 1609 584 1651 tt.
594 1612 667 1669 seqq.
1032 1600 1106 1654 niclst
1124 1600 1282 1672 unsllgliels,
1301 1605 1352 1657 dut
1368 1605 1402 1656 lte
1420 1605 1503 1656 dorcls
1522 1604 1555 1657 de
1571 1619 1653 1674 synes
1678 1605 1775 1657 Anstes
1793 1615 1853 1656 ens-

153 1671 248 1727 Btions
264 1677 382 1744 milites,
395 1688 421 1732 et
434 1681 630 1749 quomodoin.
643 1693 684 1736 ts.
697 1697 771 1755 sopp.
1029 1694 1119 1738 stertet
1137 1686 1239 1749 words,
1258 1687 1292 1740 de
1309 1689 1361 1739 elsss
1380 1705 1550 1758 nnpenomen
1565 1688 1691 1750 lsndden,
1711 1706 1789 1756 quero
1811 1706 1853 1740 re·

157 1759 192 1810 Ut
203 1765 231 1810 sl
244 1759 397 1830 captatum
408 1780 456 1818 seu
468 1766 622 1835 collegium.
632 1785 660 1820 ιι.
675 1779 718 1821 so.
1032 1767 1085 1820 fest
1103 1768 1148 1819 dn.
1168 1771 1267 1824 Johnn.
1294 1771 1385 1824 Sintes
1402 1771 1431 1825 in
1451 1772 1515 1826 diss.
1535 1771 1568 1825 de
1585 1772 1666 1826 verli
1690 1773 1774 1827 divin.
1801 1775 1851 1825 mi·

156 1865 202 1992 Q
1031 1850 1108 1902 nistr.
1134 1869 1157 1902 e.
1179 1865 1202 1904 t.
1222 1871 1249 1905 n.
1279 1865 1321 1907 ts.
1340 1856 1412 1906 ilinc
1431 1855 1454 1906 si
1473 1855 1637 1919 destitutio,
1664 1856 1749 1910 mislto
1770 1859 1851 1924 inagis

203 1929 311 1982 mmsis
330 1932 473 2002 suspensio
485 1952 683 2006 nonnumqnsm
703 1936 762 2007 ipso
780 1937 851 2001 iure,
870 1951 916 1987 seu
935 1952 977 1989 cs·
1031 1935 1169 2002 suspensio
1188 1936 1219 1987 sd
1238 1935 1390 2008 episcopum
1410 1939 1551 2008 spectabit,
1569 1956 1592 1991 c.
1608 1949 1649 1992 11.
1663 1941 1696 1993 eie
1708 1957 1732 1992 r.
1745 1940 1763 1992 i.
1784 1940 1812 1992 in
1827 1953 1849 1994 t.

153 2025 219 2063 none
237 2013 390 2082 irrogetur,
408 2018 585 2087 utplurimum
606 2032 693 2074 temen
707 2020 874 2084 eonomine,
896 2022 977 2073 nimi·
1065 2017 1117 2070 Sed
1137 2017 1202 2072 hsec
1219 2022 1256 2073 ils
1273 2023 1453 2090 genersliterz
1472 2033 1513 2078 est
1529 2028 1656 2093 quonism
1674 2027 1732 2092 jure
1747 2026 1850 2095 episeo·
1892 2046 1921 2088 ro

154 2111 207 2148 rom
235 2098 349 2164 judice,
376 2100 469 2155 dietari
495 2106 561 2156 ,0102
578 2123 599 2158 ρ,
620 2115 662 2158 η,
681 2105 718 2156 Χ.
735 2104 770 2158 ,10
793 2105 895 2172 appete.
922 2105 976 2156 vid.
1026 2100 1095 2167 palis
1114 2117 1166 2152 stou
1185 2104 1281 2165 unius,
1301 2105 1347 2157 sed
1367 2107 1434 2160 surii
1453 2117 1513 2159 sunt
1532 2109 1651 2176 generis,
1672 2108 1706 2162 de
1724 2127 1775 2178 qno
1796 2109 1849 2162 vid.

152 2179 233 2232 fleur.
254 2182 347 2236 Canis.
366 2185 395 2237 s'n
414 2205 510 2240 summ·
518 2188 573 2258 p'ur.
590 2205 693 2242 eonon.
711 2189 730 2238 l.
750 2199 774 2240 t.
791 2187 832 2239 tit.
853 2198 894 2240 tt.
912 2185 935 2258 5.
949 2201 974 2243 s.
1026 2182 1171 2238 Christian.
1192 2185 1305 2240 Weber.
1325 2188 1419 2260 dep‘ur.
1432 2191 1609 2245 consistam.
1625 2205 1649 2246 p,
1667 2203 1715 2246 epe,
1728 2204 1754 2246 01
1775 2205 1849 2262 pm.

150 2263 208 2334 lpse
225 2267 289 2333 jure
308 2268 570 2341 irrogetur,quoties
583 2274 659 2342 culpe
678 2271 738 2326 tslis
755 2279 811 2336 est,
829 2289 897 2342 quse
910 2271 970 2342 ipso
1025 2275 1079 2318 stus
1097 2265 1150 2319 elis
1170 2267 1207 2320 sit
1225 2267 1348 2336 ordinis,
1368 2289 1416 2342 per
1433 2291 1530 2343 quesn,
1549 2276 1629 2328 aliter
1646 2293 1677 2329 so
1695 2276 1848 2347 pontificii,

151 2365 194 2400 sm
209 2369 312 2418 genere
324 2355 509 2424 ςῃςρρῃςίοῃὴ
524 2373 636 2426 pompm
651 2354 755 2410 {pelugi}
768 2357 796 2408 d,
813 2373 836 2410 0,
852 2365 895 2408 η,
908 2373 973 2424 qua.
1027 2347 1206 2417 inleliissimll!
1225 2352 1316 2417 illim,
1333 2371 1401 2424 qim
1422 2356 1447 2409 'l
1473 2356 1653 2410 oddillliioni!
1677 2359 1776 2429 abique
1796 2364 1848 2430 till!

151 2429 186 2484 les
203 2436 337 2502 plurimes
355 2439 597 2492 comininiscnntur
623 2437 779 2510 pontilieii,
797 2448 826 2492 et
842 2457 974 2510 propone.
1025 2432 1222 2500 jurisdictionis
1242 2438 1331 2507 specie
1347 2439 1473 2492 ecclesiae
1498 2441 1635 2494 ministris
1653 2442 1847 2508 demandatum

153 2533 209 2568 mus
225 2519 314 2572 eriam
333 2538 382 2575 no,
399 2521 524 2591 qunsdpm
545 2524 574 2576 in
591 2541 613 2578 ρ,
630 2539 685 2595 '‘l'-
711 2524 803 2594 ibique
821 2524 854 2576 tle
872 2525 972 2591 juniii.
1024 2519 1076 2570 sliu
1094 2517 1307 2583 jurisdictioniss
1326 2522 1378 2574 elis
1397 2540 1458 2576 sero
1476 2523 1541 2591 legis
1559 2523 1737 2590 dioecesanae,
1752 2527 1849 2598 dequo

152 2616 240 2653 esrum
263 2621 382 2672 egemus:
409 2605 456 2658 sed
475 2606 519 2658 his
538 2617 624 2659 tssuen
643 2607 770 2671 ossibus,
795 2608 892 2678 quibus
917 2609 976 2678 ipso
1024 2610 1144 2654 sccurste
1162 2600 1340 2656 disserentem
1366 2605 1420 2658 eid.
1448 2606 1575 2661 celeberr.
1599 2607 1644 2660 dn.
1671 2609 1785 2679 Ziegler.
1811 2615 1849 2668 od

150 2682 207 2749 jure
225 2682 262 2738 lit
280 2689 500 2757 suspensiu,non
519 2707 599 2744 omne
611 2691 720 2763 penitus
739 2691 835 2758 juntots
853 2695 976 2746 excludi·
1024 2684 1108 2739 t'ttttt'l·
1121 2686 1179 2754 iur-
1195 2705 1298 2742 canon.
1316 2689 1335 2742 Ι.
1355 2698 1378 2742 t·
1402 2689 1443 2746 tit.
1468 2702 1492 2741 1.
1510 2687 1534 2761 5.
1561 2702 1584 2742 s·
1613 2692 1687 2746 veri.
1706 2713 1740 2748 ea
1761 2711 1846 2761 vero,

151 2777 193 2820 tur
211 2767 345 2826 officium.
366 2775 493 2842 stsmris
518 2775 590 2828 enirn
616 2777 652 2829 its
676 2776 859 2830 ministerium
876 2778 974 2848 judicis
1024 2788 1103 2838 strae·
1121 2770 1182 2824 idco
1200 2772 1341 2840 allegatum
1359 2791 1373 2824 s
1393 2771 1503 2840 megnii.
1522 2773 1569 2828 dn.
1588 2774 1688 2829 Rhetio
1712 2777 1741 2830 in
1765 2795 1846 2847 prns-

151 2849 184 2904 sd
203 2851 231 2903 id
248 2871 304 2907 uon
322 2857 359 2909 sit
376 2859 570 2924 necessarium,
588 2871 616 2914 ut
633 2860 794 2914 sententium
809 2859 892 2926 leret,
904 2878 972 2932 qnae
1024 2856 1084 2910 ten.
1103 2855 1142 2908 nd
1158 2855 1278 2908 Desselii
1294 2869 1406 2910 erotem.
1417 2857 1474 2928 p'ur.
1493 2875 1597 2912 conon.
1614 2854 1633 2910 i.
1655 2870 1679 2911 t.
1698 2859 1738 2912 rit.
1759 2874 1783 2914 1.
1802 2880 1845 2932 qu.

150 2934 252 3002 irroget
271 2937 337 2992 hanc
354 2943 576 3010 suspensionem
602 2945 781 2999 necessarium
808 2955 894 3001 umen
920 2949 973 3000 erit
1021 2940 1068 2994 ttll·
1089 2939 1233 2993 videndum
1254 2957 1324 2993 1111110
1350 2941 1379 2994 ἱῦ
1406 2943 1495 3012 'pecie
1512 2941 1586 3004 elli»
1613 2942 1646 2994 ⁸¹¹
1670 2961 1749 3012 qum
1777 2945 1844 3011 juris

148 3019 179 3070 sd
197 3021 249 3086 id,
272 3025 484 3092 ntdeelsretur,
503 3029 637 3096 telequid
657 3027 823 3096 jemiscturn
841 3033 972 3084 vetem.
1022 3024 1181 3094 episcopalis
1200 3026 1316 3094 speciem
1346 3027 1486 3095 suspensio
1505 3026 1538 3078 sit
1556 3023 1704 3078 referende.
1723 3027 1844 3081 Etcerte
1884 3037 1910 3078 tt

148 3107 260 3162 missum
280 3127 351 3174 esse,
370 3111 439 3180 quoti
459 3129 571 3181 poenam
593 3116 650 3180 jure
668 3114 748 3166 lstsm
768 3124 894 3178 meretur,
908 3117 974 3170 dors
1023 3109 1090 3181 quin
1108 3111 1141 3162 sd
1160 3111 1370 3178 jurisdictionem
1397 3109 1491 3162 debeat
1514 3109 1630 3177 referri,
1655 3110 1721 3163 nntti
1741 3111 1846 3164 dubite-

149 3195 303 3246 nunmelsto
317 3194 477 3266 delinquent
493 3197 522 3249 in
541 3197 589 3250 der
599 3199 705 3265 dejure
720 3209 852 3264 gersteten
865 3201 971 3270 strnffe
1023 3211 1089 3247 snus.
1108 3194 1156 3247 Est
1173 3195 1247 3246 enirn
1267 3211 1365 3260 poenes
1383 3211 1484 3262 penus,
1511 3210 1540 3246 sc
1562 3211 1624 3264 psrs
1649 3195 1715 3248 stleo
1734 3196 1846 3261 jurisdi-

148 3273 268 3343 gefisttm
289 3295 395 3343 mere,
418 3297 467 3348 per
484 3297 526 3344 ea,
545 3299 610 3351 qnae
628 3280 707 3334 hebet
726 3281 810 3334 sote.
827 3285 972 3354 Tirsquell.
1023 3277 1122 3331 ctionis
1140 3277 1293 3330 criminalis
1312 3278 1519 3339 ecclesiasticae,
1538 3277 1629 3331 Strui.
1654 3277 1682 3329 in
1704 3277 1844 3347 innuen

148 3359 206 3412 adl.
217 3361 245 3412 εἰ
257 3379 394 3433 unquam.
412 3363 440 3416 s'n
459 3365 535 3418 veri.
549 3375 707 3421 reuertatur.
726 3384 749 3419 c.
767 3366 801 3419 de
819 3373 970 3426 revocetu-
1019 3361 1116 3430 justin.
1134 3362 1154 3413 l.
1177 3373 1198 3414 t.
1216 3361 1259 3413 tis.
1280 3371 1303 3412 1.
1323 3362 1374 3430 leg.
1396 3372 1437 3412 ts.
1451 3360 1544 3430 Csrps.
1561 3361 1669 3430 jurispr.
1683 3361 1774 3413 eccles.
1786 3362 1805 3412 t.
1820 3374 1843 3413 s.

149 3457 203 3496 nor.
230 3466 261 3502 η.
286 3459 349 3502 sco.
369 3447 492 3518 Cognitio
515 3451 599 3518 igitur
623 3445 721 3518 indicis
745 3450 773 3502 in
798 3455 972 3520 suspensione
1023 3444 1075 3515 defi
1091 3456 1151 3497 tto.
1163 3463 1190 3498 n.
1206 3459 1230 3498 s.
1244 3447 1329 3498 llenr.
1348 3443 1484 3498 Gebhsrd.
1503 3444 1536 3496 de
1553 3452 1651 3510 potest.
1666 3444 1755 3494 eccles.
1769 3459 1844 3495 num.

151 3525 207 3596 ipso
224 3531 288 3597 jure
309 3531 373 3584 lacte
397 3533 491 3586 ssltetn
518 3533 605 3602 quosd
631 3531 730 3586 lectum
757 3533 847 3603 ipsum
860 3546 972 3590 contro.
1024 3527 1298 3598 suspicientum
1317 3526 1477 3581 lnbeturin
1498 3525 1593 3580 Altssr.
1612 3526 1845 3597 l'ritsclt.p'us.ec-

149 3627 250 3665 sessum
275 3614 334 3668 erit
358 3615 523 3683 necessaris,
549 3633 601 3669 non
627 3618 705 3670 etium
729 3617 814 3686 quood
839 3637 971 3688 poenms
1021 3616 1084 3668 oles.
1104 3633 1129 3682 p.
1153 3623 1174 3666 1.
1193 3625 1226 3666 tr.
1248 3625 1269 3666 t.
1291 3613 1368 3684 Quod
1387 3611 1420 3666 sd
1440 3611 1467 3662 id
1487 3609 1621 3682 proderit,
1641 3620 1669 3662 ut
1687 3613 1845 3678 generaliter
1884 3629 1913 3672 ts

150 3691 209 3748 haec
228 3697 308 3750 enim
327 3714 373 3750 sus
391 3709 486 3767 sponte
510 3700 551 3755 vel
575 3701 635 3768 ipso
658 3699 716 3766 jure
735 3701 788 3768 jssn
812 3703 920 3757 resultet
936 3720 969 3755 ex
1022 3700 1086 3751 hinc
1103 3700 1139 3750 its
1157 3697 1314 3760 concludere
1327 3714 1397 3749 nunc
1409 3697 1505 3750 licent:
1523 3694 1569 3748 cui
1585 3694 1716 3762 competit
1729 3695 1845 3766 jurisdi-

152 3780 282 3835 sententis
303 3779 495 3846 declsrstoris,
514 3802 539 3836 r·
557 3782 624 3836 Tob.
645 3783 966 3855 nanciscentes.
1019 3782 1074 3836 ctio
1093 3781 1292 3845 ecclesiastico,
1311 3798 1377 3848 quae
1395 3780 1424 3832 in
1442 3798 1464 3832 c.
1486 3790 1510 3830 t.
1529 3779 1563 3830 de
1580 3775 1658 3848 ⁰sfi⁶¹
1674 3776 1733 3845 p'ud.
1752 3777 1844 3831 ordin.

152 3861 242 3926 imper.
260 3880 337 3916 rom.
354 3864 373 3916 l.
398 3877 457 3918 t.c.
469 3867 517 3920 ult.
532 3877 618 3919 nde.
637 3867 683 3920 ubi
700 3869 765 3942 qnid
785 3870 967 3936 intersit,sn
1019 3867 1048 3920 s'n
1069 3880 1092 3920 e.
1113 3863 1386 3936 diciturjnrisdictio
1412 3862 1567 3924 ordinaris,
1596 3873 1624 3915 et
1647 3861 1751 3916 mitiori
1770 3879 1844 3916 rocs-
1952 3906 1960 3927 ,

152 3946 251 4015 sliqnid
273 3948 336 4017 ipso
353 3949 412 4015 jure
429 3945 498 4015 liet,
522 3969 556 4004 sn
578 3968 641 4005 sero
658 3971 707 4022 per
724 3956 886 4008 sententiam
906 3973 969 4010 con·
1020 3950 1081 4004 bulo
1099 3949 1126 4002 in
1145 3951 1164 4001 l·
1184 3959 1209 4000 1.
1225 3967 1267 4016 pr·
1283 3965 1307 4000 c·
1327 3947 1360 4000 de
1377 3947 1532 4016 ep.etcler.
1551 3945 1716 4017 Episcopslis
1732 3947 1844 3999 sudien-
1891 4004 1894 4016 ¹

150 4028 363 4096 demontorium,
379 4035 497 4105 exponit.
512 4033 589 4088 Coei.
609 4035 673 4106 lug.
690 4035 801 4091 Boebes.
813 4039 842 4091 in
857 4039 969 4094 diction.
1021 4034 1058 4087 tin
1076 4035 1118 4088 illi
1134 4051 1242 4106 pnopoe
1260 4033 1387 4099 competit
1399 4031 1448 4101 p'us
1465 4030 1649 4102 suspendendi
1664 4039 1789 4100 passeres
1805 4029 1842 4082 ab

154 4113 317 4186 stessi-equ.
334 4117 397 4170 dict.
420 4129 479 4170 tts.
498 4121 577 4189 Quod
596 4122 681 4172 multo
700 4122 785 4189 surgis
802 4123 925 4190 obtinet,
945 4127 969 4180 si
1019 4117 1126 4191 officio.
1145 4119 1185 4171 Ex
1204 4138 1255 4190 qus
1272 4119 1389 4189 penersli
1408 4118 1513 4187 regule,
1533 4118 1624 4172 missis
1642 4113 1842 4187 pontificiorum
1884 4135 1912 4178 te

149 4207 174 4252 nt
189 4199 327 4252 medicina
346 4201 481 4267 infligetur
505 4203 656 4273 suspensio:
683 4204 815 4255 medicine
835 4205 906 4258 enim
926 4225 970 4262 ω.
1020 4203 1228 4276 hypothesibus,
1247 4204 1289 4257 cui
1308 4203 1380 4275 spud
1405 4220 1454 4256 nos
1479 4211 1656 4272 protestantes
1675 4200 1754 4252 hodie
1770 4217 1842 4252 cem-

149 4283 232 4346 emset
252 4282 352 4348 dehet,
378 4302 445 4353 quse
471 4285 525 4337 nisi
551 4296 743 4354 cognoscetur,
770 4297 823 4341 tuto
839 4291 970 4360 spplicsri
1020 4300 1097 4362 petet
1113 4289 1224 4343 isenltss
1243 4287 1443 4358 suspensionem
1464 4285 1642 4340 sacerdotibus
1660 4282 1790 4346 dictandi,
1803 4283 1842 4335 is-

150 4366 192 4418 tlx
210 4379 313 4439 potest,
333 4369 429 4422 'rhem
447 4370 574 4424 Tembur.
592 4373 621 4425 in
636 4375 691 4441 jur.
712 4389 781 4426 mor.
800 4375 818 4428 t.
844 4385 885 4427 to.
896 4388 929 4429 tr.
945 4390 969 4430 t.
1020 4373 1080 4426 cilis
1098 4372 1152 4424 erit
1164 4371 1314 4443 spplicstio.
1328 4371 1397 4424 Nem
1411 4372 1534 4439 quonium
1547 4370 1618 4438 spucl
1632 4385 1679 4422 nos
1692 4384 1724 4418 es
1739 4376 1840 4420 trunsu-

150 4469 170 4504 e
188 4461 212 4502 2.
231 4471 261 4506 n.
285 4465 311 4506 s.
330 4454 383 4508 sen
403 4475 417 4508 s
435 4474 549 4526 quonum
563 4453 746 4511 lieridelsebit
763 4459 826 4511 hnec
837 4463 969 4528 cognitio?
1019 4457 1111 4510 ctione
1141 4455 1321 4524 pesariensi,
1347 4465 1374 4508 et
1398 4455 1467 4507 ltnnc
1491 4455 1628 4507 subsecuta
1656 4448 1841 4520 pscificstione

151 4532 226 4588 Certe
244 4537 271 4590 si
291 4558 305 4589 s
324 4538 414 4604 judice
434 4551 602 4612 competente
620 4541 739 4604 dixeris,
761 4540 830 4594 hsttcl
856 4545 970 4600 ebstsrde
1019 4541 1164 4610 religiose,
1190 4539 1348 4594 solemniter
1364 4539 1394 4591 in
1413 4547 1467 4590 ort.
1490 4539 1521 4590 V.
1540 4535 1564 4606 5.
1586 4550 1609 4588 1.
1627 4537 1753 4592 instrum.
1776 4555 1840 4604 poc.

152 4617 269 4674 dixeris:
290 4621 355 4674 huie
373 4623 447 4674 enirn
466 4625 504 4677 uti
523 4635 638 4695 potestne
656 4626 837 4694 suspendendi
857 4627 890 4680 sb
906 4627 968 4682 oili·
1019 4625 1133 4680 osnebr.
1150 4619 1321 4683 munemne.
1338 4621 1429 4675 omit
1445 4620 1597 4688 jurisdictio
1615 4621 1789 4674 ecclttlsstllcc
1807 4623 1842 4674 sd

151 4702 191 4755 cio
208 4705 360 4774 competit,
379 4706 416 4759 its
433 4707 521 4760 eidem
534 4708 654 4775 cognitio
666 4707 775 4774 delicti,
793 4727 827 4763 ex
844 4729 897 4780 qno
910 4713 968 4785 ipso
1019 4718 1105 4763 status
1122 4707 1232 4778 imperii
1252 4708 1380 4759 seculares
1398 4706 1457 4771 jure
1474 4706 1548 4775 qussi
1568 4703 1727 4773 postliminii
1747 4723 1778 4758 ex
1798 4725 1841 4759 su·

151 4787 206 4854 jure
224 4789 290 4842 fluit
309 4791 466 4859 suspensio,
487 4809 541 4847 uon
560 4794 614 4846 erit
632 4793 800 4865 denegsnds,
820 4813 913 4864 erpo.
929 4809 968 4851 tt.
1019 4791 1175 4863 perieritste
1194 4788 1350 4842 territorisli
1370 4788 1467 4851 rediit,
1496 4788 1521 4840 d.
1542 4796 1594 4842 nrt.
1618 4789 1650 4840 V.
1667 4791 1689 4854 §.
1707 4801 1841 4858 querutum

152 4871 183 4924 de
204 4885 323 4929 sentent.
340 4893 515 4931 excommun.
534 4878 563 4930 in
583 4889 608 4930 s.
625 4896 659 4930 ne
677 4880 796 4949 alioquin
814 4879 856 4932 les
874 4880 909 4934 ob
928 4880 968 4935 l'e-
1018 4877 1114 4930 deinde
1132 4888 1175 4928 tc.
1196 4876 1327 4944 Suspenso
1347 4890 1362 4925 e
1379 4882 1471 4924 contre
1484 4871 1557 4924 osnni
1574 4871 1758 4939 jurisdictione
1772 4877 1840 4928 Pon·

151 4967 219 5012 stum
236 4967 460 5026 controversum,
486 4963 519 5016 de
536 4981 589 5032 quo
619 4963 852 5031 cognoscendum,
874 4963 971 5018 ellectu
1020 4957 1139 5013 tifioisd
1158 4970 1212 5012 ort.
1234 4961 1266 5010 V.
1285 4955 1308 5028 5.
1323 4957 1356 5027 p'u
1381 4957 1588 5019 dioecesanum,
1602 4956 1778 5028 ipsequoque
1792 4977 1837 5012 co·

152 5063 196 5098 sno
213 5044 392 5107 destituetur,
411 5056 439 5099 et
455 5047 500 5099 cui
518 5047 581 5116 plus
599 5045 675 5112 licet,
695 5045 786 5099 minus
804 5061 857 5098 non
876 5046 969 5115 licent,
1018 5045 1105 5115 pnitio
1122 5053 1149 5096 et
1166 5043 1273 5112 punitio
1299 5052 1352 5095 tum
1378 5055 1467 5094 contre
1489 5041 1637 5096 secerdotes
1659 5051 1686 5094 et
1711 5059 1835 5110 personne

153 5139 241 5184 contre
256 5131 276 5182 t.
291 5127 382 5197 suff.
395 5131 428 5182 de
439 5147 461 5182 r.
473 5129 491 5184 i.
1019 5128 1233 5191 ecclesiaticus,
1260 5145 1337 5196 quern
1359 5125 1386 5178 in
1406 5127 1519 5195 reliquis
1542 5129 1628 5178 crusis
1647 5127 1831 5196 spirituslilsns

184 5216 217 5268 ln
234 5215 323 5268 csusis
340 5215 424 5285 ipitnr
442 5214 628 5270 ecclesisstiels
640 5231 700 5268 enm
720 5215 800 5281 index
812 5226 967 5286 competens
1018 5217 1078 5282 jure
1094 5210 1291 5281 superioritetis
1315 5209 1486 5264 territorislis
1506 5205 1602 5275 lirnfft
1619 5207 1758 5262 leolender
1781 5213 1837 5262 und

153 5297 188 5352 sit
203 5300 400 5354 ecclesiasticus
412 5317 437 5352 c.
451 5312 475 5352 s.
490 5309 516 5354 et
530 5310 569 5351 tc.
583 5300 618 5351 Χ.
632 5299 665 5353 de
672 5298 758 5369 judie.
772 5299 850 5366 hujus
864 5315 968 5368 qnoque
1017 5295 1163 5366 stupendos
1177 5297 1289 5350 londes
1300 5291 1672 5348 usercenses-Formione
1687 5291 1836 5358 Obrigkeite

152 5383 220 5449 esit,
246 5382 432 5452 suspensionis
448 5381 609 5434 sententium
629 5380 706 5436 ierre.
725 5379 799 5433 Fieri
819 5380 900 5449 igitur
919 5381 966 5434 de·
1018 5381 1050 5434 ed
1068 5381 1173 5434 cosdem
1191 5389 1275 5433 stolus
1292 5378 1446 5450 spectsbit,
1472 5373 1619 5431 Christisn.
1646 5377 1751 5430 Weber
1770 5377 1799 5427 cl·
1816 5377 1834 5430 l.

153 5467 225 5520 lsebit
238 5467 273 5518 sb
290 5467 354 5531 illo,
373 5467 419 5536 qui
439 5465 532 5535 pendet
549 5475 675 5536 potestate
693 5464 832 5519 exercendi
851 5466 908 5534 jure
925 5481 966 5516 ec·
1019 5485 1042 5521 e.
1063 5479 1085 5520 e.
1104 5465 1242 5518 Gebhard.
1260 5465 1293 5518 de
1309 5471 1406 5532 potest.
1428 5461 1576 5515 ecclesiast.
1601 5479 1629 5514 n.
1649 5470 1708 5514 sss.
1727 5459 1836 5514 Goeller.

155 5549 298 5604 desisstics
316 5550 552 5622 senepiscopslis:
573 5550 617 5604 lsic
635 5551 709 5604 enirn
728 5559 769 5604 est
787 5549 865 5618 iudex
883 5551 967 5602 eecle-
1017 5549 1140 5603 lllieltsel.
1158 5552 1320 5604 lissemsnn·
1337 5547 1371 5599 de
1385 5547 1441 5614 p‘nr.
1459 5543 1600 5614 episcopal.
1617 5543 1658 5596 tit.
1673 5553 1697 5596 1.
1708 5554 1757 5598 tot.
1773 5545 1833 5599 Non
1874 5585 1903 5627 ,p

157 5636 279 5690 sissticus
296 5633 325 5690 in
343 5635 429 5690 musis
447 5633 647 5704 xpeeleison
664 5643 692 5689 et
710 5637 749 5688 sic
767 5633 799 5688 sb
818 5633 966 5706 episeopo,
1018 5635 1103 5689 solent
1121 5643 1209 5689 tamen
1226 5631 1279 5704 ipsi
1297 5630 1433 5702 principes
1461 5629 1528 5682 lunc
1545 5627 1757 5696 jurisdictionem
1776 5630 1832 5700 epi-
