4396 6286
182 272 226 345 ¹⁸9
659 273 707 326 nt
725 273 870 328 Eventu
888 269 924 322 iil
944 261 1194 320 Jtttttctttttttts
1211 274 1272 318 erc.
1706 269 1755 326 tqo

137 388 237 442 repens.
257 369 403 426 Bruanern.
420 355 519 426 consil.
539 381 599 424 tte.
613 385 640 421 rr.
658 383 699 424 ιο.
719 381 746 422 er
762 386 834 440 seqq.
847 367 940 436 Carpo
994 371 1044 412 tam
1066 369 1134 432 patet
1152 374 1184 412 er
1205 356 1513 426 assuritanorum.
1534 361 1558 407 t·
1576 348 1657 409 deris.
1678 363 1721 404 so.
1742 347 1810 406 tut.

133 459 160 514 de
175 473 291 526 processa
309 455 349 508 ris.
371 468 414 508 ιι.
433 469 486 508 ars.
509 465 530 508 ι.
550 473 578 506 η.
598 467 641 506 ss.
994 442 1074 495 Vian.
1087 453 1164 495 eruor.
1178 440 1211 495 sle
1223 449 1354 496 transact-
1366 461 1425 508 cap.
1438 441 1486 497 alr.
1498 457 1525 492 rt·
1542 450 1581 492 tt.
1593 433 1723 506 Quamuis
1736 434 1811 504 prior
1849 474 1879 514 η

165 535 297 596 iudicium
318 559 366 611 per
385 541 542 595 seutentiam
562 535 669 593 findam
688 539 824 607 sequitur,
838 535 887 588 hac
901 512 941 588 sel
992 525 1119 582 sententia
1138 526 1175 578 sit
1193 526 1303 596 aequior
1321 536 1346 579 et
1365 527 1527 588 humanior,
1544 534 1572 577 et
1596 522 1630 574 ob
1649 522 1810 591 aequitatem

131 629 172 681 ill,
191 637 265 699 parts
287 627 315 678 i„
335 625 378 679 ιιι.
398 645 450 679 non
470 626 668 694 „equinam”
688 622 887 704 molentium,
905 621 941 674 εἰ.
992 613 1068 666 lacile
1079 629 1213 665 assensum
1234 612 1263 664 lu
1283 610 1553 686 l'oroirnpetrarcrit,
1567 608 1767 662 Brunnemauu.
1780 611 1810 662 in

133 713 196 767 lectu
212 713 249 765 rei
270 711 399 778 judicatae
417 711 559 780 suspensio
577 710 619 762 cel
636 707 799 779 oppugnatio
821 724 869 776 per
892 725 939 775 sp·
989 698 1095 766 repetit.
1120 697 1280 751 Wesembec.
1294 697 1333 750 ad
1344 698 1370 749 Ιι.
1383 708 1402 750 ι.
1416 707 1522 769 quaest.
1537 706 1568 749 tt
1594 693 1810 748 Zoos.diet.lcc.

81 815 104 856 tt
135 797 297 868 pollutionem
316 806 365 846 rot.
384 794 425 848 tit.
445 794 478 846 de
496 793 623 862 appellat.
650 794 722 844 ilinc
746 788 896 841 cunimunis
915 797 940 840 et
992 779 1810 849 llincinterotunesconeenlt,juratamtransaotiouemnon

131 881 236 950 legitima
255 891 296 933 est
315 880 448 932 sententis
462 898 476 931 a
490 877 676 934 commissario
695 891 742 927 seu
761 873 877 939 delegato
897 889 941 941 ap·
989 881 1046 918 esse
1066 863 1285 928 rescindendam,
1304 864 1373 918 coni.
1391 864 1519 934 Carpaor.
1539 873 1611 930 port·
1632 873 1656 914 ι.
1673 862 1811 916 corruitur.

132 965 274 1036 pellandum
294 981 352 1016 esse
370 962 403 1014 ad
422 959 940 1025 committentemseudelegautcmssen
993 965 1034 1006 ss.
1054 949 1158 1020 definit.
1181 963 1203 1002 t.
1223 950 1274 1002 Sed
1294 950 1317 1002 si
1341 953 1394 1018 jaus
1421 949 1565 1003 transactio
1582 947 1618 1001 oli
1636 946 1811 1000 immodicam
1849 983 1854 994 .

132 1052 170 1102 hic
181 1052 214 1102 sit
227 1050 349 1120 princeps
371 1064 415 1100 seu
433 1048 501 1099 alius
519 1041 785 1110 ordinariusjudex,
803 1042 821 1092 l.
830 1038 889 1108 fin.
898 1037 940 1106 ff.
989 1035 1131 1087 laesionem
1146 1033 1239 1086 debeat
1252 1035 1387 1099 rescindi,
1406 1053 1438 1087 aa
1452 1033 1484 1087 ad
1502 1032 1725 1102 cognoscendum,
1739 1033 1810 1102 quod

131 1134 184 1202 qais
201 1143 227 1186 et
245 1151 263 1185 e
281 1151 335 1202 qno
354 1132 452 1198 appell.
467 1129 540 1182 Gall.
558 1129 604 1180 tis.
627 1139 648 1180 t.
666 1127 771 1179 observ.
792 1136 852 1176 ιιι.
871 1141 898 1176 ιι.
917 1135 941 1176 ι.
990 1121 1051 1189 quis
1071 1119 1100 1170 iu
1119 1121 1292 1172 transactione
1311 1123 1380 1174 ultra
1399 1120 1543 1173 dimidium
1563 1119 1601 1172 sil
1619 1119 1721 1184 laesus,
1735 1117 1812 1171 debet

77 1234 101 1276 aa
131 1217 417 1284 lder.parr.t.decr's.
440 1227 479 1268 tt.
499 1232 525 1266 rt.
548 1225 569 1264 t.
591 1212 643 1266 Sed
662 1211 725 1279 quid
746 1213 769 1263 si
788 1208 940 1270 eueniat,ut
990 1203 1123 1255 aestimari
1144 1203 1192 1270 id,
1212 1204 1281 1273 quod
1299 1205 1456 1260 inser-itate
1483 1215 1603 1274 ternpore
1623 1203 1811 1256 transactionis

130 1309 233 1370 [otiores
250 1302 359 1354 ordinis
377 1319 423 1352 seu
436 1299 555 1366 collegii,
569 1316 584 1349 a
597 1315 650 1366 quo
669 1294 797 1366 processit
816 1293 940 1346 commis·
991 1286 1055 1351 init,
1075 1303 1108 1337 an
1127 1305 1187 1340 aero
1207 1289 1405 1356 respiciendum
1421 1289 1453 1340 ad
1467 1287 1579 1341 dubium
1598 1287 1657 1340 litis
1675 1284 1811 1340 euentum?

128 1387 184 1449 sio,
202 1387 282 1438 simul
302 1385 359 1436 sict
375 1383 577 1444 commissarii,
596 1399 629 1434 an
649 1378 828 1431 nihilominus
846 1393 938 1446 proco·
993 1372 1021 1422 ln
1042 1369 1177 1440 probanda
1201 1371 1317 1425 laesione
1343 1390 1395 1426 nou
1414 1389 1472 1426 esse
1492 1371 1691 1442 respiciendum
1710 1370 1743 1422 ad
1762 1369 1811 1423 du·

127 1471 168 1522 det
189 1469 342 1539 appellatio.
369 1468 519 1522 Videbatur
542 1465 691 1534 amandum
717 1463 786 1534 quod
813 1461 844 1512 ad
870 1461 940 1514 illud
993 1453 1065 1506 bium
1092 1455 1148 1508 litis
1174 1462 1315 1520 eventum,
1344 1458 1391 1510 sed
1410 1457 1437 1510 id
1456 1456 1671 1519 aestimandum,
1691 1455 1762 1525 quod
1781 1456 1811 1508 in

127 1554 261 1622 collegium
286 1552 432 1623 appellatio
458 1551 526 1604 foret
545 1549 653 1612 inanis,
671 1547 732 1618 quia
758 1547 797 1599 ibi
817 1563 869 1600 uon
889 1547 939 1599 alia
990 1539 1103 1592 ιθῐῖῑιῑθ
1121 1549 1179 1604 ‘ils
1204 1541 1289 1596 lffltlll
1315 1541 1390 1595 Bell·
1413 1542 1746 1612 pari-²·cott01·il·tt·
1768 1551 1808 1596 10.

125 1641 283 1709 expectanda
301 1648 372 1692 esset
391 1637 542 1701 sententia,
559 1653 638 1706 qnam
657 1651 708 1704 qua
727 1633 787 1701 quis
805 1631 839 1684 ab
858 1631 940 1684 iisse
990 1634 1015 1674 et
1034 1639 1089 1692 Sea·

74 1739 95 1778 tt
127 1735 255 1793 praeatum
277 1733 360 1794 putat.
381 1722 434 1776 Sed
452 1721 514 1792 quia
534 1722 665 1774 incertum
684 1719 771 1771 adhuc
787 1727 839 1782 est,
852 1726 940 1768 utrum
1027 1707 1145 1760 Consilia
1158 1705 1191 1760 ab
1202 1709 1303 1761 eventis
1319 1708 1346 1762 in
1361 1708 1448 1763 causis
1467 1709 1577 1779 privatis
1591 1729 1643 1763 non
1658 1710 1810 1782 dependere

126 1809 223 1876 munita
243 1827 325 1879 porro
344 1825 419 1860 causa
437 1807 516 1860 aliter
534 1805 673 1872 collegium
693 1805 872 1872 judicatarum
886 1801 939 1863 sit,

127 1893 159 1943 ob
177 1891 287 1944 dubium
306 1902 427 1943 escotum
447 1890 533 1960 etqui
553 1890 660 1941 desnnm
680 1903 713 1940 er
732 1895 794 1957 post
806 1884 873 1938 lacto
888 1901 940 1936 me·

127 1979 221 2040 tuitcr,
240 1977 274 2029 acl
294 1976 419 2045 superius
446 1973 574 2043 judicium
601 1974 706 2026 directo
730 1989 782 2024 nou
807 1973 875 2023 salet
894 1989 939 2040 ap·

124 2061 237 2131 petlatio,
257 2077 318 2112 cum
337 2076 367 2111 ea
385 2059 517 2128 gradatim
536 2055 597 2111 lieri
617 2055 733 2121 debeat,
752 2056 769 2107 l.
789 2053 938 2122 imperoto-

127 2163 171 2200 res.
191 2154 232 2195 ιι.
241 2143 287 2212 ff.
306 2144 339 2196 de
357 2144 450 2210 appell.
476 2157 543 2194 noc.
566 2151 609 2192 ss.
628 2158 650 2194 c.
670 2153 693 2191 s.
713 2148 739 2190 et
757 2156 781 2191 c.
802 2149 845 2190 ιι.
862 2154 892 2187 ae.
910 2137 935 2188 t.

123 2242 140 2283 ι.
152 2229 208 2283 ord.
221 2236 407 2294 sommare.
420 2236 442 2278 2.
458 2225 496 2278 tit.
512 2235 553 2275 ιι.
567 2225 591 2290 §.
610 2234 631 2275 ι.
643 2225 714 2276 Mer.
726 2220 787 2274 dics.
799 2218 855 2273 dec.
872 2227 913 2270 tt.

70 2326 94 2367 tt
159 2313 309 2382 sopiantur
333 2310 394 2362 lites
411 2310 493 2361 etiam
517 2307 713 2370 transactione,
732 2321 799 2376 quae
818 2321 872 2358 non
889 2321 938 2358 ex-

123 2398 234 2452 tenditur
253 2397 289 2450 ad
307 2415 355 2460 ea,
377 2413 444 2464 quae
464 2397 599 2464 insperato
617 2403 713 2447 eventu
731 2401 941 2462 supervenerunt

124 2491 192 2555 jora,
209 2467 279 2558 quae
298 2495 355 2538 tum
376 2487 504 2553 temporis
522 2481 632 2550 cogitari
654 2499 706 2534 uon
726 2489 878 2552 potuerunt,
893 2479 939 2532 sed

123 2592 183 2644 quae
200 2573 264 2642 quis
277 2571 311 2623 de
323 2568 458 2641 praesenti
478 2567 571 2630 habet,
591 2567 609 2620 l.
630 2581 653 2619 t.
662 2564 705 2634 ff.
724 2565 757 2618 de
774 2573 907 2618 transeat.
920 2563 938 2614 l.

124 2671 145 2711 ι.
162 2660 184 2724 ς.
205 2671 227 2710 ι.
236 2656 283 2726 ff.
299 2655 360 2709 eod.
381 2655 454 2706 liinc
467 2669 540 2720 ugr.
560 2648 666 2721 quando
686 2649 830 2701 transactio
855 2663 938 2715 super

124 2743 157 2796 iis
169 2744 246 2796 bonis
264 2747 447 2812 processerat,
465 2755 531 2806 quac
551 2737 578 2787 in
599 2735 750 2788 inventario
767 2730 896 2800 descripta
909 2747 937 2781 e·

123 2835 195 2888 rant,
214 2827 248 2878 de
268 2825 376 2878 caserta
396 2822 467 2876 nulla
494 2820 561 2872 lacta
581 2819 736 2878 mentione,
756 2813 840 2882 magis
858 2827 939 2882 super

125 2911 289 2970 incensario,
305 2923 382 2978 quam
405 2915 458 2959 tota
479 2903 656 2963 haereditate,
670 2918 738 2970 quae
755 2911 859 2969 praeter
871 2897 938 2948 bona

123 2995 228 3063 propria
246 2994 318 3047 l'orte
336 2993 414 3044 matri
429 2991 548 3043 esaeiae
567 3000 588 3040 et
608 2997 761 3057 patruorum
781 2981 940 3035 haereditate

122 3095 153 3131 es
171 3087 229 3148 post
256 3075 324 3131 iacto
349 3077 487 3146 insperato
505 3075 667 3127 oloenerant
679 3109 688 3136 ,
709 3070 815 3123 ridetur
835 3079 937 3119 transa-

121 3174 207 3225 ctam,
226 3160 301 3215 uude
320 3179 371 3212 noc
391 3162 510 3212 obstante
527 3159 705 3212 transactione
722 3152 817 3206 liberis
843 3152 937 3204 luorum

122 3247 245 3300 bonorum
277 3246 373 3316 petitio
399 3245 453 3296 erit
479 3243 588 3311 reliqna.
612 3239 719 3291 Conlcr.
738 3239 806 3290 Mer.
822 3247 894 3305 port.
915 3248 939 3289 ι.

119 3329 194 3384 decre
217 3341 280 3384 tte.
302 3331 403 3400 qnippe
421 3345 487 3396 quae
506 3325 594 3379 stricti
613 3325 680 3392 jarria
698 3319 816 3376 estetad
830 3337 881 3372 non
893 3337 938 3372 ex-

119 3435 205 3484 pressa
224 3425 276 3468 aut
295 3432 346 3467 uon
366 3415 482 3482 cogitata
509 3429 561 3465 non
589 3411 727 3479 pertinet,
746 3407 771 3460 d.
791 3408 808 3458 l·
829 3419 853 3459 ι.
871 3408 894 3472 §.
916 3419 938 3458 ι.

991 1794 1117 1844 hactenus
1134 1792 1257 1844 uidimus.
1273 1795 1366 1846 ilestat
1386 1804 1413 1846 ut
1432 1796 1553 1846 eumdem
1575 1796 1603 1848 in
1622 1798 1708 1850 causis
1722 1799 1810 1866 publi·

989 1875 1045 1936 cis,
1064 1873 1110 1925 ubi
1130 1887 1233 1929 esetttus
1251 1874 1354 1945 aliquid
1374 1877 1502 1929 momenti
1523 1877 1620 1930 hebere
1638 1880 1744 1947 possit,
1770 1879 1809 1929 ri·

991 1960 1110 2012 doninus.
1136 1959 1211 2026 Quae
1236 1959 1418 2013 consideratio
1443 1970 1516 2013 tanto
1542 1964 1718 2030 praestantior
1736 1961 1808 2023 erit,

989 2051 1118 2111 quantum
1139 2044 1244 2111 publica
1270 2043 1384 2112 priuatis
1408 2043 1519 2098 distant.
1538 2043 1598 2096 Duo
1622 2055 1708 2098 autem
1727 2055 1810 2108 suut,

989 2129 1085 2197 quibus
1105 2129 1132 2180 in
1153 2130 1196 2180 his
1213 2130 1329 2199 publicis
1347 2129 1433 2182 causis
1452 2129 1591 2183 uniuersae
1604 2138 1710 2182 nostrae
1727 2129 1810 2182 actio-

992 2231 1038 2266 nes
1060 2212 1277 2282 distinguuntur,
1296 2225 1431 2281 tempora,
1450 2211 1529 2276 bclli,
1547 2209 1806 2282 inquam,etpacis,

991 2296 1019 2347 in
1038 2296 1106 2358 ltac,
1124 2314 1190 2365 quae
1207 2306 1354 2366 geruntur,
1374 2297 1500 2366 pleraque
1518 2295 1547 2347 iu
1567 2307 1657 2350 nostra
1678 2305 1809 2366 potestate

990 2391 1068 2445 sunt,
1086 2382 1205 2450 quamuis
1223 2392 1331 2434 erectus
1349 2381 1505 2452 saepissime
1524 2395 1578 2433 nou
1597 2378 1808 2448 respoudeatco·

990 2465 1096 2532 gitatis:
1117 2465 1225 2518 inbelli
1245 2473 1331 2516 autern
1358 2466 1414 2516 alea
1439 2463 1585 2534 ancipitem
1609 2461 1807 2533 praedominari

991 2547 1125 2600 fortunam
1144 2547 1271 2601 ridemus.
1292 2549 1363 2599 ilinc
1382 2549 1533 2619 priusquam
1553 2545 1669 2617 incipias
1687 2547 1807 2600 consultu
1894 2555 1896 2561 '

992 2640 1017 2682 et
1037 2632 1081 2684 ubi
1102 2632 1280 2695 consulueris,
1296 2640 1399 2685 mature
1410 2631 1480 2685 lacto
1490 2649 1557 2703 opus
1570 2640 1628 2699 est,
1643 2633 1739 2686 Salust.
1756 2633 1805 2682 Ca·

990 2716 1030 2768 til.
1050 2736 1073 2771 e.
1096 2727 1117 2769 t·
1125 2715 1184 2788 fin.
1205 2715 1256 2770 Sed
1276 2733 1310 2769 au
1329 2715 1444 2786 legatus,
1463 2717 1579 2780 aliusue,
1596 2715 1641 2785 qni
1656 2713 1806 2770 mandatum

989 2799 1156 2871 aprincipe,
1175 2801 1271 2873 populo
1288 2811 1336 2853 aut
1353 2801 1419 2854 «lucc
1437 2801 1569 2855 exercitus
1586 2797 1703 2870 accepit,
1719 2802 1741 2852 si
1756 2797 1809 2854 iur-

992 2895 1016 2938 te
1034 2903 1099 2940 nom
1120 2887 1256 2956 insperato
1275 2887 1457 2956 supervenerit
1475 2901 1571 2951 causa,
1596 2881 1665 2938 flues
1690 2883 1808 2938 ruaodati

990 2969 1116 3022 excedere
1135 2969 1248 3040 poterit,
1268 2981 1312 3024 aut
1329 2971 1353 3022 si
1373 2978 1479 3041 praeter
1497 2979 1525 3024 et
1541 2979 1635 3025 conus
1654 2969 1809 3023 mandatum
1832 2971 1838 2984 ”

990 3053 1054 3121 quid
1075 3051 1187 3118 iecerit,
1205 3065 1228 3106 et
1248 3056 1392 3123 sperauerit
1414 3054 1551 3107 astaudauti
1570 3055 1663 3109 utilius
1681 3053 1756 3120 iore,
1776 3054 1809 3107 de

989 3149 1083 3190 caeutu
1099 3133 1250 3191 tenebitur?
1273 3139 1351 3208 llesp.
1370 3137 1447 3191 oroi.
1465 3137 1510 3190 tit.
1532 3147 1556 3190 ι.
1574 3155 1637 3208 cap.
1659 3149 1698 3191 ts.
1717 3139 1740 3204 ς.
1761 3149 1804 3192 ιι.

989 3237 1021 3270 au
1041 3231 1146 3275 constet
1167 3221 1194 3272 id
1213 3221 1282 3289 quod
1303 3222 1495 3291 paraescriptum
1518 3232 1595 3285 erat,
1614 3222 1807 3293 praescriptum

991 3302 1073 3358 luisse
1092 3303 1141 3358 sub
1159 3307 1267 3376 speciali
1287 3323 1333 3357 sua
1351 3303 1450 3370 lucana,
1470 3324 1504 3358 ιιιι
1525 3307 1573 3359 sub
1592 3307 1810 3363 consideratione

991 3390 1146 3457 generaliori
1156 3429 1167 3456 ,
1186 3408 1252 3459 qnae
1269 3391 1348 3442 aliter
1366 3409 1469 3460 quoque
1486 3389 1601 3445 obtineri
1623 3391 1717 3462 possit,
1731 3391 1809 3446 ueluti

1843 3147 1873 3188 tt

65 3497 87 3536 ¹⁸
110 3500 146 3570 ffi
163 3503 189 3555 lr.
208 3512 226 3554 ι.
247 3500 331 3554 Unde
349 3500 431 3552 etiam
451 3497 531 3558 lites,
551 3495 698 3564 dequibus
716 3509 768 3544 con
787 3502 828 3542 est
846 3493 939 3560 cogita·
990 3475 1011 3525 *ἱ
1031 3484 1134 3543 ’ΨΜ
1153 3471 1298 3541 sldt'llb‘f‘
1318 3491 1366 3544 ΡΝ
1384 3475 1459 3528 Tlll⁰
1482 3474 1552 3546 ⁸llud
1576 3475 1714 3540 Medum»
1735 3500 1748 3525 ¹·
1760 3494 1808 3530 ιιι·

119 3599 187 3651 tum,
207 3587 238 3640 in
263 3603 310 3638 suo
330 3594 399 3638 statu
419 3591 616 3644 remanent,et
629 3578 689 3630 ideo
709 3575 848 3629 transactio
866 3591 940 3644 pirae·
990 3557 1062 3609 ‘inii
1079 3556 1208 3609 cfedll⁰rl
1228 3558 1312 3610 Μιιὶὶ
1333 3559 1807 3629 utTttioneuern,1.attrecta

117 3672 165 3726 eise
183 3672 216 3726 de
236 3671 278 3722 iis
298 3669 375 3722 rebus
393 3667 426 3720 de
444 3667 540 3736 quihus
561 3673 637 3728 tuuc,
657 3679 717 3714 eum
738 3659 938 3728 transigeretur,
983 3640 1024 3710 ff·
1043 3642 1163 3694 ”lumi
1179 3640 1294 3696 mandati
1313 3642 1386 3694 ‘⁰5¹⁰
1402 3655 1429 3696 ⁸²
1441 3639 1622 3712 fidel¹¹⁵⁸l⁰¹¹l⁸
1636 3645 1808 3703 Slffllllssufll

65 3780 86 3819 ιι
117 3768 199 3811 sctum
218 3755 299 3821 suit,
325 3749 498 3822 intelligenda
521 3764 569 3802 nec
594 3744 767 3800 extendenda.
785 3745 825 3796 Ex
843 3744 940 3814 quibus
991 3729 1047 3792 lum
1067 3736 1093 3777 0²
1112 3741 1159 3795 1³¹⁰
1179 3725 1274 3777 ll⁵tl⁰m
1296 3725 1443 3789 habentur,
1462 3729 1533 3781 tttev.
1550 3738 1625 3798 part.
1641 3739 1663 3782 ι.
1677 3727 1732 3784 dee.
1750 3743 1809 3784 ιιι.

116 3841 213 3911 mitigit
232 3841 309 3892 Mea.
327 3847 400 3906 porr.
422 3847 446 3887 ι.
464 3831 545 3886 decis.
567 3843 627 3883 ιιι.
640 3831 667 3882 ic
683 3829 855 3882 transactione
869 3829 942 3881 inter
991 3827 1017 3862 ’ἳ-
1033 3821 1057 3860 ³·
1069 3809 1199 3876 Equidem
1215 3810 1330 3874 “ttulitffl
1351 3809 1424 3860 Pauli
1444 3809 1478 3861 ‘¹0
1495 3810 1677 3866 custodiendis
1691 3811 1808 3868 mandati

992 3890 1110 3959 finibus,
1131 3894 1149 3946 1.
1170 3907 1193 3944 s.
1215 3893 1244 3944 in
1261 3891 1354 3962 pcff.
1376 3895 1401 3946 d.
1420 3905 1439 3946 ι.
1458 3895 1496 3946 tel
1516 3895 1632 3948 maxime
1652 3897 1739 3950 locum
1760 3899 1806 3952 lta·

115 3929 270 3998 principem
290 3934 317 3977 et
336 3921 430 3975 urbem
457 3916 644 3973 stetinensium
673 3914 756 3978 iacta,
776 3914 810 3965 de
829 3913 937 3981 iurisdi·
1133 3978 1137 3984 Ι

995 3979 1056 4032 bere
1076 3979 1104 4030 in
1125 3977 1238 4046 negotiis
1257 3977 1372 4046 publicis
1395 3987 1422 4030 et
1448 3977 1517 4030 bello
1541 3979 1680 4048 arbitror,
1699 3983 1810 4036 etiami

117 4013 202 4065 stione
220 4021 247 4064 et
270 4017 400 4078 potestate
419 4001 591 4066 collectaudi,
610 4018 659 4070 qua
678 3999 812 4052 ciuitatem
831 3997 863 4048 ad
883 4016 939 4052 rem

117 4097 191 4168 place
209 4095 371 4153 diuersam,
390 4087 471 4142 relati
495 4087 538 4139 ubi
567 4085 602 4136 lis
625 4085 680 4152 jam
705 4091 746 4134 ess
765 4081 797 4131 de
815 4081 939 4135 collocat,
991 4076 1098 4119 evectus
1117 4063 1225 4118 consilii
1245 4063 1362 4118 feliciter
1378 4065 1510 4131 cesserit,
1529 4083 1580 4130 ne,
1606 4067 1628 4118 si
1654 4083 1713 4138 spes
1733 4067 1810 4124 lelel·

118 4181 229 4250 imperio
249 4180 291 4232 cel
311 4173 428 4247 principi
441 4185 463 4225 et
478 4169 627 4240 prouinciae
645 4163 794 4228 soluendis,
810 4181 861 4216 coc
876 4181 939 4233 per·
992 4150 1084 4213 Ιίικιι
1103 4151 1178 4219 0019*
1198 4149 1376 4218 ῑῐῦιιιῑῐῑῑῖιι
1395 4159 1421 4202 ⁸²
1440 4167 1523 4221 poene
1543 4149 1748 4222 indeprecabilis
1767 4171 1809 4206 su·

278 4281 330 4316 con
346 4255 555 4324 subintelligatur
569 4254 597 4304 in
613 4249 660 4303 tali
676 4249 849 4300 transactione
863 4247 939 4316 prin.
991 4231 1093 4286 beuuda
1112 4244 1193 4287 esset:
1213 4235 1236 4284 si
1258 4249 1301 4285 res
1319 4230 1386 4288 forte
1405 4235 1501 4288 melius
1519 4235 1657 4300 uertisset,
1678 4236 1734 4290 Deo
1751 4236 1810 4306 qui-

693 4348 768 4392 uum,
784 4331 854 4400 quod
873 4347 936 4384 eon.
991 4318 1049 4370 dem
1068 4316 1152 4386 gratia
1172 4315 1308 4380 habenda,
1327 4320 1373 4370 sed
1392 4321 1544 4390 exemplum
1564 4331 1649 4374 tamen
1669 4321 1808 4375 intromis-

990 4420 1047 4456 sum
1059 4403 1200 4464 rideretur,
1208 4419 1259 4470 quo
1271 4401 1337 4454 bene
1349 4405 1463 4457 consulta
1474 4403 1584 4457 consilia
1594 4405 1724 4473 religione
1738 4421 1809 4458 anan·

118 4267 218 4330 tinere,
235 4277 263 4320 ut

116 4369 175 4420 ceps
193 4367 272 4404 suam
293 4361 396 4415 quoque
415 4357 555 4412 personam
575 4335 659 4400 etius
680 4351 691 4385 s

120 4448 271 4490 trauersum
290 4451 343 4485 nou
362 4439 433 4490 erat,
452 4425 517 4481 selle
530 4424 678 4483 inclusum,
695 4434 720 4468 n.
738 4427 777 4467 to.
790 4425 883 4487 etseq.

153 4522 206 4576 sat
225 4537 284 4584 an,
304 4515 328 4570 si
347 4515 381 4567 de
398 4513 480 4566 duldo
498 4508 556 4561 litis
581 4511 675 4558 creatu
703 4508 863 4552 transactum
883 4517 937 4554 nou

118 4605 165 4670 sit,
180 4603 290 4672 poterit
304 4595 420 4654 rescindi
441 4590 583 4649 transactio
601 4588 635 4641 ob
655 4583 824 4638 immodicam
842 4585 936 4640 laesio·

118 4689 197 4744 nem?
220 4683 382 4742 stoa-mnus
399 4677 594 4738 communiter,
613 4673 636 4726 si
654 4671 736 4724 laesio
760 4669 828 4722 ultra
854 4670 936 4723 dimi.

117 4777 189 4828 dium
211 4771 299 4824 latius
316 4775 440 4820 excurrat
453 4760 620 4832 inqualitate
639 4753 749 4808 notabili
769 4771 822 4822 per
838 4755 854 4806 l.
877 4763 901 4804 2.
913 4771 937 4808 e.

119 4864 150 4916 de
168 4855 294 4916 rescind.
319 4851 422 4908 vendit.
441 4849 460 4902 l.
481 4859 505 4898 s.
523 4863 545 4898 c.
564 4843 596 4896 de
613 4841 669 4896 dol.
689 4839 753 4892 naal.
773 4839 789 4890 l.
811 4848 853 4889 st.
871 4845 893 4896 ς.
916 4851 937 4891 t.

115 4962 186 5000 vers.
203 4943 251 4996 sin
275 4959 300 4992 e.
322 4927 491 4999 evidens-ff.
510 4931 544 4983 de
562 4926 688 4981 condisc'
699 4921 810 4975 radetis.
828 4921 938 4974 Mantic.

81 5041 84 5050 '
116 5031 160 5084 lid.
180 5041 225 5082 ιι.
246 5025 283 5078 de
302 5021 376 5076 lucit.
394 5029 422 5073 et
440 5016 511 5070 amb.
531 5020 660 5066 convent.
678 5009 717 5061 tit.
739 5019 763 5058 ι.
777 5025 804 5058 n.
820 5015 862 5057 ιι.
874 5005 936 5060 Car-

115 5134 188 5186 paor.
206 5119 288 5184 part·
306 5121 329 5160 2.
342 5101 448 5159 constit.
469 5111 510 5155 ιι.
529 5095 631 5169 definit.
653 5104 676 5148 t.
696 5091 814 5146 Richter.
826 5101 897 5159 port.
913 5101 937 5143 2.

117 5201 194 5254 decis.
215 5207 265 5250 ss.
286 5211 314 5247 ιι.
335 5200 377 5242 ss.
395 5198 422 5239 et
438 5203 509 5256 seqq.
530 5183 582 5235 lln.
603 5179 690 5232 Struc.
718 5191 808 5229 erere.
830 5193 853 5232 a.
869 5177 937 5230 rlser.

117 5295 155 5342 st.
174 5285 257 5338 zoes.
279 5277 316 5332 ud
332 5273 372 5329 ιίι.
391 5273 423 5326 de
441 5266 620 5323 transactioa.
641 5281 717 5315 nam.
737 5270 777 5314 tt.
800 5256 875 5313 Licet
896 5276 938 5312 ra·

117 5367 186 5421 tioue
206 5360 336 5421 veritatis
354 5355 511 5414 theoreticae
524 5349 653 5404 contraria
666 5347 759 5420 opinio
774 5344 838 5399 lorte
852 5346 939 5398 aerior

117 5453 256 5514 rideatur,
268 5465 317 5514 per
328 5447 346 5498 l.
361 5455 402 5498 ts.
415 5436 546 5510 §.fircffi
559 5435 597 5490 orl
606 5445 699 5490 restam,
714 5429 815 5482 treicii.
829 5427 845 5480 l.
860 5426 940 5481 odio·

115 5553 167 5590 ser.
181 5550 207 5589 ι.
221 5552 247 5587 e.
262 5533 297 5585 dr
307 5531 368 5598 plur
378 5525 453 5597 petit.
470 5523 505 5576 Et
525 5523 592 5575 hanc
610 5515 768 5571 setstectiam
788 5513 818 5564 in
836 5529 938 5564 camera

116 5617 215 5673 serrari
232 5623 349 5669 testatur
369 5610 441 5664 Gail·
454 5607 501 5661 lid.
516 5619 538 5658 ι.
553 5604 611 5658 obs.
626 5613 667 5655 ιο.
682 5619 709 5652 ιι.
727 5611 767 5652 ιι.
779 5599 868 5665 myas.
879 5611 939 5648 eea·

116 5714 166 5757 tar.
188 5718 210 5758 ι.
232 5699 340 5754 obsera.
360 5707 402 5750 ts·
420 5707 447 5748 et
467 5693 494 5746 iu
516 5685 640 5742 tribunali
661 5681 837 5737 nissnarieusi
852 5694 939 5732 sersa-

989 4487 1045 4540 dati
1065 4487 1148 4540 soluts
1173 4501 1422 4554 corrumperentur,
1448 4490 1519 4542 coni.
1541 4491 1569 4541 Δ.
1589 4489 1696 4542 Gellius
1716 4491 1761 4544 lid.
1786 4505 1809 4544 ι.

991 4583 1064 4628 noct.
1083 4571 1189 4624 ottiecr.
1209 4589 1271 4639 cop.
1295 4583 1334 4624 ts.
1354 4571 1463 4624 l'acltiu.
1482 4573 1529 4626 lib.
1551 4583 1574 4623 ι.
1592 4585 1679 4626 contr.
1692 4592 1751 4636 cup.
1765 4586 1807 4628 ιι.

991 4657 1101 4710 Montio.
1119 4657 1167 4710 lib·
1188 4667 1211 4706 ι.
1230 4656 1262 4708 de
1281 4671 1358 4708 cone.
1378 4656 1419 4708 tir.
1441 4667 1480 4708 ιι.
1499 4666 1525 4708 et
1542 4667 1598 4725 rep.
1615 4655 1760 4727 Tiraquell.
1778 4657 1809 4712 s‘n

988 4743 1006 4794 l.
1023 4743 1050 4794 si
1065 4757 1197 4810 tanquam.
1219 4756 1242 4790 c.
1261 4739 1294 4792 de
1312 4739 1465 4792 reverend.
1491 4739 1587 4793 donat.
1604 4739 1633 4794 in
1653 4742 1755 4796 cerdo:
1775 4743 1809 4795 ll-

990 4825 1081 4877 dertr's.
1100 4841 1127 4874 a.
1147 4834 1192 4873 ss.
1211 4821 1317 4874 Scaccia
1334 4822 1368 4875 de
1386 4839 1530 4877 summere.
1549 4830 1570 4886 §.
1590 4833 1615 4876 ι.
1632 4825 1716 4893 gloss.
1738 4838 1761 4878 s.
1780 4844 1807 4879 n.

992 4919 1052 4962 stu.
1073 4907 1230 4977 Exemplum
1251 4907 1303 4959 tale
1321 4917 1392 4961 extat
1410 4907 1478 4977 apud
1501 4908 1529 4959 tl.
1549 4909 1666 4962 Gellium
1680 4909 1743 4965 dict.
1756 4912 1808 4964 loe.

990 4991 1098 5046 Crassos
1117 5009 1176 5044 cum
1190 4990 1219 5042 in
1234 4991 1370 5043 ccrssnlatu
1388 4983 1518 5047 obtineret
1531 4993 1622 5046 Asiam
1643 4993 1808 5068 prouinciam

989 5088 1014 5131 st
1034 5076 1223 5130 circumsidere
1241 5093 1448 5146 oppugnareque
1468 5077 1562 5132 Leucas
1578 5079 1711 5152 oppidum
1732 5097 1807 5148 pars·

989 5175 1041 5227 ηις
1059 5177 1175 5232 opusque
1192 5173 1262 5212 esset
1280 5156 1356 5212 firma
1375 5173 1449 5228 atque
1470 5175 1577 5230 procera
1599 5161 1692 5228 trabe,
1711 5180 1760 5232 qua
1780 5181 1808 5214 a·

991 5247 1080 5300 rietem
1101 5245 1219 5307 iaceret,
1238 5261 1288 5312 qua
1309 5259 1397 5298 murus
1414 5244 1472 5311 eius
1489 5243 1583 5314 oppidi
1597 5259 1726 5316 quateret:
1740 5249 1807 5301 sori·

993 5334 1046 5406 psit
1063 5331 1095 5384 ad
1115 5332 1270 5398 magistrum
1289 5329 1495 5385 architectonem
1515 5331 1701 5385 Elathensium
1721 5335 1806 5388 socio·

992 5437 1050 5474 rum
1064 5417 1262 5485 amicorumque
1276 5415 1366 5488 populi
1382 5415 1500 5478 romani,
1515 5427 1584 5469 uter
1600 5417 1805 5484 meludunum,

992 5519 1058 5574 qttos
1075 5502 1146 5572 apud
1165 5515 1209 5552 eos
1227 5499 1357 5562 uidisset,
1376 5509 1433 5550 uter
1458 5501 1543 5566 major
1568 5510 1640 5552 esset
1657 5517 1717 5552 eum
1742 5501 1806 5554 mit·

992 5588 1099 5642 tendum
1116 5595 1230 5640 curaret.
1247 5586 1316 5637 Tum
1337 5582 1462 5648 magister
1480 5582 1642 5636 aichitectoc
1663 5597 1804 5654 comperto,

991 5671 1160 5746 qoaambrem
1179 5671 1277 5724 malum
1297 5667 1472 5734 desideraret,
1494 5685 1562 5734 noa,
1583 5668 1620 5721 uti
1642 5671 1728 5736 jussus
1741 5683 1803 5738 erat,

1846 4931 1876 4973 il
