4396 6286
396 251 447 306 eli
963 249 1151 308 lllSPUl'l'l’.
1172 253 1221 309 lV.
1241 253 1357 314 CAPUT
1374 261 1409 314 V.
1928 253 1981 310 elli

346 347 416 418 dign
430 347 597 420 ongeeelsen,
612 350 675 405 dors
687 367 719 404 er
731 355 803 407 need
816 353 955 408 erlitteoer
971 347 1165 420 Gtfisengnirs‘
1217 353 1300 406 minis
1313 357 1407 424 probet
1425 355 1472 408 dn.
1492 357 1637 409 llrnooem.
1651 363 1720 409 cenr.
1737 368 1760 407 s.
1772 353 1828 408 eden
1844 363 1885 406 tt:
1905 351 1951 406 Sic
1962 347 2041 406 enirn·

345 431 450 504 d‘rroffe
461 435 520 487 und
530 437 742 506 nerrprocltener
753 439 908 508 Berserung
919 435 1055 491 ursnmelrr
1066 433 1094 486 ie
1107 432 1166 486 rein
1214 435 1250 489 ob
1270 438 1337 491 hene
1354 455 1458 493 osorem
1477 441 1563 511 ipsum
1583 440 1711 492 delictum
1731 437 1900 492 imminutum
1914 448 1959 490 este
1971 454 2036 508 ergo

345 519 416 568 Amt
428 516 527 570 wieder
538 517 697 589 eingeseteet
709 521 815 576 werden
828 523 890 576 soll.
909 521 985 576 Wird
994 521 1061 574 dero
1074 535 1163 572 werre·
1217 522 1305 574 edltuc
1321 541 1404 594 poene
1422 525 1539 594 sequelis
1563 536 1603 578 est
1626 523 1739 588 delicto,
1758 521 1818 575 ideo
1836 521 1945 577 internis
1964 523 2040 576 ultre·

349 620 401 672 gen
414 602 492 656 Ener
501 600 663 658 christliche
675 603 759 659 Liele
770 605 879 658 liermit
891 604 1064 662 vermolnett
1076 600 1111 655 do
1126 599 1170 650 Er
1218 613 1321 677 tempus
1339 625 1391 660 nou
1411 607 1529 662 ‹lurebit.
1543 606 1638 671 ettot,
1656 605 1679 658 ei
1697 606 1733 660 nb
1750 607 1829 658 ollem
1845 621 1958 672 censem,
1969 621 2039 677 quoe
2071 619 2110 664 te·

346 685 413 741 ruclt
426 683 574 741 ntitdiesen
587 688 690 741 reinem
702 689 933 760 Fallgeoergert,
951 687 1016 740 dors
1030 685 1165 739 ‚Iler-llum
1216 688 1343 744 delictum
1364 709 1411 762 per
1428 709 1456 745 se
1475 707 1528 746 non
1549 691 1699 757 minueret,
1719 689 1767 744 sed
1788 689 1877 762 potins
1896 689 2033 743 interdum

350 769 458 824 rolcltes
469 787 527 824 von
542 772 662 824 Hertsen
676 772 839 839 nereeilsen,
850 771 1002 841 desselbige
1013 769 1086 823 niclst
1102 766 1165 840 ιιι]Ἰ
1216 784 1339 844 eugeret,
1358 793 1441 846 poene
1460 775 1543 830 lerior
1559 773 1680 840 dietete,
1705 795 1728 828 r.
1746 788 1785 844 gr.
1809 772 1974 843 dignitetem
1987 791 2037 827 ne·

343 853 463 919 rdclen,
483 853 551 906 noclt
568 853 638 908 Jltm
654 855 750 910 deseen
765 855 898 926 setgelreo
919 857 1028 920 latren,
1044 853 1163 906 ”fldem
1215 859 1323 924 teliurn,
1342 860 1423 916 ritem
1441 867 1605 925 enteectsm,
1624 857 1841 912 intercessionem
1854 855 1966 910 eliorum
1984 867 2035 911 ete.

333 931 526 1004 sdrolrinsrir
543 955 625 991 ereren
639 935 829 1007 Pfhrrerund
839 937 1168 1009 Seelsorgerlsaltennnd
1215 943 1274 998 Hoc
1292 944 1364 998 enim
1383 961 1443 998 earu
1461 944 1543 997 ettam
1566 953 1626 1012 poet
1648 953 1752 1011 tempus
1770 938 1947 1012 praeteritum
1966 938 2037 994 tut..

345 1025 428 1079 einen
442 1021 538 1077 mullet.
555 1023 622 1075 Gon
633 1023 926 1079 derHerrwolleJlrm
940 1021 1166 1078 rsndEucltEure
1217 1028 1270 1081 mie
1290 1037 1452 1098 superesset,
1470 1027 1516 1080 dn.
1535 1025 1680 1078 llrunnem.
1699 1025 1737 1078 od
1753 1024 1778 1075 d.
1792 1023 1809 1075 l.
1823 1035 1847 1075 t.
1866 1041 1920 1094 quo
1938 1023 1971 1079 ite
1992 1023 2036 1076 ni·

344 1107 439 1164 driade
458 1105 600 1174 steterim,
619 1107 677 1160 und
691 1104 779 1176 dssfllr
794 1107 917 1178 krinffit'g
933 1105 1106 1177 gnesdiglicls
1122 1105 1166 1158 de-
1216 1110 1269 1164 mie
1295 1111 1439 1166 sententies
1462 1109 1558 1163 leuites
1579 1109 1724 1176 corrigatur
1748 1107 1949 1162 immortulitete
1968 1107 2039 1163 inie-

347 1195 429 1248 ddten
449 1193 507 1247 ned
524 1190 686 1256 bewairen,
713 1209 758 1244 em
775 1191 866 1246 seines
883 1191 970 1247 lieden
989 1189 1097 1244 sotere
1114 1207 1163 1242 un·
1214 1195 1297 1263 mire,
1319 1193 1382 1250 Ant.
1399 1193 1548 1250 Mettheeus
1565 1191 1793 1249 demissio-libr.
1808 1200 1848 1244 lt.
1862 1192 1996 1248 ttt.ss.e.
2013 1202 2037 1245 t.

349 1281 500 1334 eersHerrn
518 1277 588 1330 Jesn
603 1275 706 1330 Clsristi
721 1276 835 1342 Willen,
848 1293 940 1331 omen.
1215 1295 1243 1329 u.
1265 1289 1290 1330 t.

278 1357 310 1399 ²²
386 1360 528 1416 Restitutis
542 1360 623 1429 igitur
642 1359 676 1415 ite
693 1360 847 1431 suspensis,
861 1359 951 1413 omoie
970 1357 1005 1411 iis
1023 1365 1166 1411 censentur
1251 1359 1500 1424 Posterioricnsn,
1518 1358 1603 1413 sicubi
1622 1375 1706 1432 poene
1724 1358 1831 1430 greelor
1849 1357 1933 1413 suerit
1951 1361 2037 1428 tetis,
2074 1363 2115 1406 tt<

347 1449 483 1513 reetitute,
501 1463 566 1514 qnee
585 1461 631 1516 per
649 1443 851 1514 suspensionem
877 1441 1070 1508 erenteblete,
1096 1441 1115 1492 l·
1143 1450 1165 1492 t.
1212 1461 1279 1516 quoe
1296 1461 1349 1498 non
1369 1453 1472 1496 tentum
1491 1443 1577 1514 ipsetu
1596 1443 1699 1511 legem,
1717 1441 1763 1496 sed
1783 1441 1864 1496 etiem
1879 1442 1975 1496 merite
1988 1442 2041 1497 de—

346 1529 437 1603 etfin.
457 1537 479 1594 ς.
496 1529 579 1584 ult-c.
598 1529 848 1594 desecationes.
867 1526 917 1580 Sed
937 1544 969 1580 en
988 1526 1069 1580 etiem
1084 1520 1166 1576 lemni
1215 1529 1274 1582 lioti
1293 1527 1415 1591 excedet,
1433 1544 1463 1580 eo
1482 1543 1544 1579 ceso
1562 1534 1727 1580 trensectum
1740 1525 1896 1579 censebitur
1912 1525 1947 1581 de
1965 1527 2037 1581 inle-

345 1618 382 1672 Et
399 1617 467 1670 benc
484 1621 611 1668 transacto
626 1619 744 1681 tempore
757 1609 907 1664 restitutum
925 1627 998 1675 esee,
1016 1609 1119 1675 serius,
1132 1625 1166 1660 oe
1218 1609 1291 1678 mie,
1307 1621 1335 1665 et
1352 1609 1500 1664 sententies
1518 1609 1641 1663 severitus
1664 1609 1881 1679 compenselsitur
1898 1625 1959 1663 eom
1978 1611 2038 1664 eei·

346 1719 431 1776 pene
450 1710 569 1768 tempure
595 1694 771 1748 determinete
796 1705 889 1747 contre
915 1693 1060 1747 sententies
1081 1686 1165 1746 iidem
1216 1691 1397 1748 stimetionel.
1418 1703 1442 1746 t.
1459 1691 1812 1765 c.ee·gnid.eenr.iesom.
1831 1705 1857 1748 et
1873 1693 1893 1747 l.
1916 1705 1957 1748 ιι.
1970 1697 1993 1763 ς.
2011 1707 2037 1752 t.

349 1787 465 1844 ulterius
483 1783 651 1856 porrigetur,
665 1781 683 1834 1.
697 1775 772 1848 ιβ.
786 1777 818 1832 de
829 1777 1042 1848 portul.etultre
1057 1774 1164 1828 modum
1205 1773 1247 1846 ff.
1266 1780 1326 1834 eod.
1344 1781 1397 1832 Dn.
1416 1777 1562 1832 Bruunem.
1575 1775 1613 1830 cd
1624 1778 1649 1831 tl.
1668 1778 1687 1830 l.
1709 1785 1732 1828 ι.
1751 1787 1780 1830 ut
1797 1776 1863 1832 eden
1879 1780 1920 1834 rel
1938 1781 2041 1834 stetim·

347 1867 535 1929 interdictioni
555 1873 683 1918 stetutum
706 1869 896 1930 exaggeretur,
915 1861 934 1914 l.
955 1873 981 1915 ι.
998 1861 1021 1926 §.
1041 1869 1064 1912 t.
1073 1858 1114 1928 ff.
1133 1859 1166 1914 de
1216 1862 1256 1916 eel
1274 1871 1333 1933 post
1352 1871 1457 1933 tempus
1474 1861 1606 1931 adiectum
1623 1859 1713 1916 omnis
1737 1861 1824 1916 delete
1843 1862 1880 1916 sit
1899 1861 2037 1930 iulemie,

350 1953 547 2017 decuerant»
558 1947 724 2004 Guthoir.in
740 1946 900 2000 notedlid.
916 1943 1166 2000 e.cod.tlteod·tit.
1215 1945 1316 2015 qnippe
1332 1960 1411 2015 quem
1430 1946 1473 1998 lex
1493 1945 1543 1998 hoe
1560 1960 1622 1998 ceen
1640 1943 1721 2011 ideo,
1747 1945 1808 2020 quie
1836 1947 1898 2016 plns
1915 1947 2036 2018 occipit,

354 2053 397 2097 et.
410 2043 427 2096 l.
442 2053 466 2093 s.
481 2034 570 2108 infin.
585 2037 643 2088 ttoe
654 2041 741 2088 umen
757 2034 808 2095 ite,
821 2029 876 2084 nisi
890 2028 1035 2094 delictum,
1047 2026 1082 2082 ob
1093 2028 1166 2097 qnod
1215 2043 1295 2095 ιιιιιιιιι
1308 2027 1333 2080 ei
1346 2024 1472 2094 debetur,
1490 2027 1630 2082 remisisse
1640 2027 1758 2082 ridetur.
1771 2027 1886 2082 Bochor.
1897 2029 1936 2084 nd
1945 2031 2038 2083 trentl.

349 2126 489 2200 suspensio
507 2123 621 2184 dictete,
647 2133 696 2189 per
713 2133 742 2170 se
759 2113 842 2169 luerit
866 2111 1017 2166 nussum:
1035 2112 1076 2165 sic
1093 2110 1167 2164 enim
1218 2109 1277 2163 nol.
1298 2121 1321 2164 t.
1339 2111 1408 2180 disp
1421 2123 1446 2164 ι.
1464 2111 1501 2164 ιΙι.
1520 2121 1544 2163 ι.
1562 2109 1602 2164 lit.
1615 2129 1638 2165 e.
1651 2109 1731 2166 Conl'.
1750 2110 1852 2164 dutnn.
1867 2113 1963 2168 Metti.
1978 2114 2005 2166 d.
2020 2111 2038 2168 l.

352 2218 482 2284 perpetue
501 2212 593 2258 menet
609 2199 742 2264 infamio,
766 2205 827 2251 etnt
845 2213 928 2268 portu
947 2205 1067 2266 tempore
1085 2192 1168 2247 luerit
1220 2191 1297 2261 Quod
1316 2193 1441 2264 procedit
1468 2193 1497 2248 io
1522 2211 1606 2267 priene
1630 2195 1803 2266 relegationis
1822 2211 1868 2249 sen
1885 2199 2038 2270 corporeli‚

351 2289 555 2360 circumscripte
573 2285 592 2339 l.
612 2297 638 2340 r.
655 2301 730 2338 oen
751 2282 823 2354 qnid.
842 2297 918 2335 cous·
935 2277 1036 2350 insom-
1054 2279 1072 2330 l·
1093 2275 1167 2347 effi
1218 2295 1273 2332 nnn
1290 2278 1464 2351 pecunieries
1490 2297 1552 2334 neto
1572 2281 1637 2336 lteec
1655 2299 1710 2334 unu
1735 2279 1840 2335 risletnr
1856 2284 1984 2351 grerinr,
2009 2284 2041 2338 in
2081 2299 2111 2342 st

350 2385 384 2440 ,ie
408 2379 498 2433 decur.
516 2373 581 2426 Cum
599 2371 669 2440 juris
684 2368 843 2430 suctorites,
856 2379 923 2435 qnee
939 2360 1080 2416 iniemiem
1098 2362 1168 2416 irro-
1216 2362 1328 2430 ordine,
1348 2375 1376 2418 nt
1394 2361 1507 2418 setisliet
1525 2363 1605 2436 Reip.
1622 2366 1655 2420 d.·
1668 2366 1687 2419 l.
1708 2374 1749 2418 ιι.
1767 2372 1789 2427 ς.
1810 2377 1835 2418 t.
1854 2369 1929 2422 zoes.
1949 2369 2039 2440 odff.

349 2475 408 2539 got,
427 2480 484 2517 non
502 2459 539 2512 sit
557 2457 587 2510 iu
604 2463 731 2528 potestate
749 2449 911 2522 indicentis,
929 2446 949 2500 l.
965 2458 1007 2500 ts.
1015 2461 1056 2516 pr.
1072 2443 1113 2515 ffi
1132 2449 1168 2502 de
1216 2447 1270 2502 eod
1297 2465 1325 2500 n.
1348 2457 1388 2503 tt.
1407 2445 1534 2517 Quereris
1551 2448 1633 2502 etiem
1646 2447 1715 2503 hene
1724 2463 1804 2519 posse
1819 2448 1881 2504 ideo
1899 2467 2041 2521 eggreesee

349 2554 441 2609 meur.
460 2547 515 2600 lien
532 2542 613 2613 index
630 2536 739 2593 eiicere
753 2535 855 2608 possit,
867 2531 1023 2602 qoinenm,
1035 2529 1081 2600 qni
1101 2528 1166 2583 lorti
1217 2533 1386 2605 principem,
1404 2552 1458 2605 qno
1473 2533 1571 2589 iemeru
1591 2545 1721 2605 reservet,
1734 2545 1853 2592 enturuet
1871 2537 1917 2592 do.
1931 2538 2037 2594 lirunn.

351 2635 488 2690 demnetns
500 2637 559 2692 eet,
577 2641 631 2678 nnn
643 2631 768 2693 sequetur
779 2613 893 2671 intente
900 2653 910 2680 ,
923 2614 942 2667 l.
957 2625 1001 2667 et.
1004 2610 1047 2682 ff.
1060 2609 1167 2681 deferr.
1221 2617 1260 2673 aa
1277 2618 1302 2671 a„
1320 2619 1339 2672 ι,
1360 2629 1406 2671 η,
1422 2637 1450 2672 η,
1472 2629 1494 2670 ¹,
1513 2619 1542 2672 ἡ,
1555 2617 1610 2692 fi„

353 2719 435 2776 Scene
447 2715 469 2768 si
484 2712 614 2768 delictum
628 2723 676 2778 per
688 2724 716 2761 ee
728 2721 781 2758 ooo
795 2697 1028 2762 ineritiemcsom‚
1039 2696 1085 2751 sed
1097 2697 1167 2753 iole·
1255 2701 1334 2776 Quod
1352 2703 1377 2757 si
1394 2711 1456 2757 ente
1475 2714 1580 2776 tempus
1605 2699 1753 2774 preefixnm
1780 2703 1906 2778 princepe
1924 2709 2041 2782 eliquens
2082 2735 2112 2776 ,ς

352 2805 407 2862 nis
421 2817 454 2858 ex
465 2795 580 2852 erbitrio
591 2787 732 2862 indicentis
746 2782 906 2857 dependent,
918 2797 942 2836 r.
954 2796 994 2851 gt·-
1006 2781 1032 2835 εἰ
1044 2779 1169 2834 rdtwein
1218 2808 1250 2845 ee
1269 2787 1354 2862 gretie
1371 2785 1517 2843 restitnerit
1530 2787 1666 2858 pristinae
1683 2787 1834 2861 dignitati,
1859 2789 1918 2862 ipse
1935 2811 2040 2866 quoque

350 2886 475 2946 ellenon
494 2881 649 2936 inbibeetor
667 2884 775 2946 propter
792 2871 950 2943 scriptorem
970 2869 1054 2924 nimis
1070 2884 1168 2936 serem,
1219 2871 1289 2928 ieme
1305 2888 1353 2946 per
1369 2871 1420 2925 boc
1437 2871 1561 2925 restitute
1579 2871 1692 2926 dicende
1709 2874 1726 2926 l.
1745 2873 1908 2942 imperialis.
1923 2887 1965 2931 ts.
1979 2884 1999 2941 ς.
2017 2889 2041 2932 ι.

353 2987 418 3030 tunc
433 2971 507 3025 euius
523 2968 599 3036 tepeo
618 2959 771 3032 temporis,
794 2973 881 3028 poene
898 2949 1032 3026 pnefitis
1056 2951 1169 3008 inimi·
1217 2977 1241 3014 c.
1257 2960 1294 3013 de
1311 2966 1386 3025 ιιιφι.
1404 2956 1478 3010 iiiuc
1495 2955 1550 3022 illi,
1569 2955 1615 3026 qni
1642 2957 1745 3012 seoetni
1764 2976 1779 3011 e
1798 2959 1921 3032 principe
1934 2964 2043 3017 restitu-

352 3074 457 3133 qonqne
473 3053 608 3124 exspiret,
625 3057 651 3102 et
666 3044 805 3099 edrocetus
823 3042 919 3098 iterum
932 3038 965 3094 ed
976 3034 1098 3094 officium
1116 3038 1170 3092 erit
1220 3050 1262 3097 tos
1278 3049 1356 3107 eret,
1375 3040 1444 3094 selre
1463 3039 1663 3094 existimatione
1687 3039 1805 3096 assidere
1824 3059 1904 3112 posse
1922 3043 2041 3116 reliquos

353 3140 535 3203 edmitteudus
552 3137 571 3189 l.
586 3149 610 3190 s.
622 3151 647 3187 c.
659 3151 696 3187 ee
707 3129 779 3203 quib.
792 3143 866 3183 eures.
879 3124 980 3198 iesum.
995 3125 1047 3178 lin.
1062 3125 1168 3178 Presses
1217 3134 1367 3191 senetores,
1386 3123 1415 3176 io
1432 3123 1599 3194 amplissime
1617 3123 1667 3176 lien
1682 3121 1806 3179 lendtete
1816 3124 1936 3180 decisum
1955 3128 2041 3184 relect

356 3230 385 3292 g,
397 3226 519 3299 pauper,
536 3219 609 3294 pust.
627 3217 665 3270 od
672 3214 713 3287 ff.
731 3215 777 3268 eir.
793 3213 826 3267 de
843 3211 902 3276 tte,
916 3206 969 3282 pui-
980 3219 1038 3264 net.
1057 3207 1168 3262 neemlr.
1218 3212 1265 3266 dn.
1282 3210 1430 3266 Brnuuem.
1442 3217 1513 3263 cent.
1527 3219 1552 3262 ι.
1564 3207 1622 3262 dec.
1636 3215 1722 3262 ιι..ιι.
1738 3221 1763 3263 7.
1781 3211 1863 3264 secus
1875 3212 1897 3264 si
1910 3212 2040 3284 simplici.

355 3325 381 3368 ι.
399 3329 449 3369 an.
467 3320 501 3362 ι.
516 3296 775 3360 Βιι,,Βιιιιιιιιιιι.ι“ιι
793 3316 837 3368 gu.
856 3295 894 3349 ed
917 3291 1096 3349 trescentis.
1108 3291 1168 3346 eod·
1218 3307 1261 3350 ter
1276 3303 1380 3350 tentum
1398 3292 1532 3349 restitutio
1551 3291 1636 3360 lecte,
1652 3292 1698 3346 ubi
1719 3294 1931 3366 poeoegoielem
1944 3301 2041 3354 menie·

353 3418 399 3471 pu.
419 3406 459 3448 tt.
477 3409 512 3447 oe
528 3386 648 3458 alioquin
663 3382 836 3437 socessorium
853 3379 956 3435 diutius
974 3378 1070 3444 duret,
1087 3395 1173 3448 qoem
1222 3401 1263 3450 se,
1281 3380 1394 3438 iniemie
1414 3390 1501 3434 temen
1519 3376 1646 3434 erimims
1663 3397 1716 3433 oon
1735 3380 1841 3434 vitietur
1858 3380 1961 3436 sublete
1979 3381 1998 3438 l.
2018 3397 2043 3440 s.

350 3479 514 3554 principale.
532 3473 626 3542 Carpe.
643 3469 673 3522 ie
689 3483 731 3536 pr.
748 3463 856 3518 crimin.
875 3483 919 3535 gn.
942 3474 1000 3517 tte:
1019 3481 1048 3518 n.
1075 3477 1117 3522 eo·
1142 3472 1172 3518 et
1218 3482 1242 3522 o.
1260 3465 1294 3520 dr
1308 3463 1430 3537 general.
1447 3461 1546 3519 utettr.
2041 3509 2044 3514 .

353 3585 428 3639 seqq.
442 3561 488 3615 ubi
506 3559 575 3614 bene
590 3551 788 3608 distinctionem
807 3547 980 3621 preejediciis
998 3545 1090 3603 firmet
1113 3547 1169 3605 rid.
1257 3549 1345 3621 itque
1361 3549 1427 3604 hoec
1443 3553 1521 3612 snut,
1536 3561 1602 3616 quse
1619 3543 1653 3600 de
1670 3545 1856 3618 suspensionis
1868 3563 1980 3606 omenes
1992 3569 2043 3622 po·
2087 3565 2121 3606 se

356 3652 402 3704 do.
421 3647 565 3700 Brunuem.
578 3641 617 3696 od
626 3639 645 3690 t.
659 3651 683 3692 e·
696 3652 720 3689 e.
732 3653 769 3688 ere
781 3633 854 3706 guib.
867 3649 941 3688 eunr.
954 3631 1055 3704 infirm
1220 3633 1305 3689 blieee
1323 3648 1450 3688 censuere
1466 3631 1598 3702 subiicere
1615 3631 1698 3688 rotui·
1711 3631 1798 3686 Toum
1815 3631 1883 3698 erit,
1902 3634 1921 3688 l.
1940 3634 1967 3688 b.
1978 3653 2047 3705 qsree

390 3733 510 3800 utroque
526 3739 613 3784 temen
624 3739 686 3778 men
698 3719 812 3774 ulterim
829 3717 975 3774 ridendum
992 3717 1064 3784 erit,
1078 3726 1174 3778 utrum¹
1222 3721 1313 3775 miuus
1329 3718 1414 3792 polite
1431 3717 1476 3773 hic
1494 3717 1603 3790 posite,
1629 3715 1751 3788 politiori
1770 3725 1816 3770 too
1833 3716 1938 3786 jndicio
1960 3721 2046 3775 corri-

358 3835 443 3894 poene
459 3815 574 3886 eequelis
590 3821 637 3867 eut
652 3807 736 3866 terior
754 3805 905 3877 imponetur
928 3801 1041 3872 delicto,
1059 3822 1092 3858 eo
1111 3823 1173 3860 rese
1221 3820 1298 3875 gere,
1312 3803 1411 3857 emisse
1424 3801 1562 3874 supplere,
1576 3808 1602 3854 et
1614 3798 1707 3854 omnis
1720 3801 1759 3856 ite
1770 3801 1952 3873 interpreterl,
1965 3817 2049 3878 prout

360 3905 480 3977 garing„
497 3891 648 3966 Lepus·
659 3893 692 3948 de
704 3887 842 3946 decrerim.
851 3885 941 3956 priori
948 3903 1015 3944 cusu
1026 3889 1172 3958 pmoedont
1222 3885 1375 3942 dexteriteti
1394 3893 1453 3940 toee
1462 3884 1605 3940 convenire
1621 3891 1751 3938 eutnmes.
1770 3883 1825 3956 Ego
1843 3889 1957 3944 interim
1975 3907 2047 3946 sum·

356 4005 424 4062 qm
442 3992 519 4040 entes
536 3979 613 4036 luere
630 3976 717 4039 dicte,
735 3973 813 4028 modo
837 3971 908 4044 qood
925 3970 959 4026 de
976 3972 1073 4026 leuiori
1090 3991 1173 4047 poene
1224 3981 1269 4026 uto
1284 3969 1398 4025 Numici
1422 3985 1473 4042 pro
1489 3966 1685 4038 gratiosissime
1702 3967 1852 4024 etudiemm
1874 3974 2047 4042 resistentie,

358 4073 481 4136 dieitur,
499 4066 667 4136 intelligetur,
680 4063 721 4118 de
731 4061 799 4126 itte,
821 4077 889 4132 quse
907 4056 942 4113 ob
959 4077 1085 4125 cenum,
1107 4077 1174 4132 qnee
1224 4067 1253 4112 et
1269 4051 1463 4110 beneficiomm
1476 4053 1567 4106 inme
1578 4050 1776 4117 completione,
1791 4053 1893 4123 greties
1910 4055 1961 4112 lito
1979 4075 2049 4114 nnn·

359 4162 449 4232 ipsum
468 4153 596 4211 delictum
616 4147 723 4214 minuit,
749 4144 844 4201 mitior
860 4143 912 4200 luit
927 4152 1047 4210 stetute,
1070 4143 1112 4198 nti
1139 4144 1175 4198 ob
1224 4159 1304 4214 qoem
1322 4139 1463 4194 desitnree.
1482 4135 1564 4190 ddsit
1581 4135 1655 4190 lieres
1673 4136 2048 4206 pnrrnoouetilsus-elemen·

359 4247 451 4310 irem,
475 4239 613 4305 dolomru,
639 4242 821 4301 senectutem,
846 4240 896 4288 etc.
915 4231 987 4284 lleec
1004 4229 1078 4284 enim
1095 4230 1177 4284 simul
1228 4227 1355 4289 tissime,
1379 4219 1490 4294 quenti
1514 4221 1643 4274 hecteous
1655 4257 1664 4285 ,
1690 4217 1729 4272 ite
1752 4216 1930 4291 imposterum
1953 4223 1982 4276 ln
2005 4225 2048 4282 sui

361 4345 422 4383 essm
439 4343 522 4400 poene
539 4319 664 4377 obsorbet
680 4317 835 4382 inlemiem,
860 4313 992 4386 iecitqrre,
1009 4322 1039 4367 ot
1054 4312 1089 4368 ed
1108 4323 1176 4368 tem·
1225 4312 1309 4367 solius
1326 4307 1446 4367 nominis
1463 4305 1576 4378 gloriere
1587 4312 1615 4358 et
1627 4301 1746 4375 proximi
1764 4306 2052 4377 sergentemotomeu.

362 4425 413 4484 pus
429 4416 547 4464 remotos
570 4410 709 4476 recuperet
725 4399 904 4470 dignitetem,
926 4413 975 4454 neo
997 4397 1067 4452 ullos
1091 4395 1177 4452 iernen
1230 4405 1296 4452 tom.

364 4507 461 4548 neerns
477 4503 609 4562 tempore,
620 4488 707 4559 elepso
731 4501 813 4556 penes
830 4499 890 4536 eom
909 4490 1055 4548 remenest,
1074 4480 1114 4533 nti
1132 4481 1175 4534 in·

368 4573 512 4648 telligeude
529 4575 549 4629 l.
562 4585 620 4631 ec.
633 4589 669 4627 ee
680 4569 753 4644 quil.
769 4583 847 4626 conr.
862 4564 963 4638 irffem·
980 4565 1058 4640 Quod
1076 4565 1107 4620 io
1125 4573 1178 4620 ter·
1549 4553 1573 4610 E
1590 4556 1603 4610 l
1621 4555 1678 4614 lli
1698 4553 1729 4614 S.
