4472 6280
384 281 435 354 er,
985 264 992 293 ·’
1046 277 1304 354 nantoacum.
1921 288 1972 354 sss

334 380 404 450 vita
429 377 567 449 meritus
592 377 769 474 iungitur,
794 374 985 470 patrimonii
1012 379 1171 470 jacturam
1195 381 1337 466 sentire,
1362 408 1436 450 cum
1462 381 1574 474 potius
1597 379 1810 450 miseratione
1832 381 1933 476 'digna
1949 409 2025 478 pro·

334 491 408 564 pter
423 470 583 566 obsequia
605 497 690 566 quae
705 469 829 558 {urarito
853 483 1019 564 praestat,
1043 488 1175 561 propter
1201 486 1314 562 partus
1342 475 1526 566 periculum
1552 489 1585 542 et
1608 473 1714 564 ipsam
1744 473 1925 542 liberorum
1951 501 2026 567 pro-

333 566 546 634 creationem.
571 563 648 655 Qua
672 578 806 655 propter
829 561 1113 656 subsequentibus
1137 562 1338 632 Germaniae
1363 565 1511 633 moribus
1539 588 1607 630 non
1637 564 1814 632 imminuta
1844 566 2023 634 viduarum

333 654 500 735 conditio,
516 678 576 724 neo
591 654 720 724 sublata
744 677 832 744 quae
856 655 931 746 jure
954 654 1126 720 communi
1146 661 1298 722 'concessa
1324 656 1516 748 privilegia,
1541 655 1596 722 sed
1620 655 1756 724 adaucta
1774 655 1886 746 potius
1902 673 1935 722 et
1951 681 2025 750 pro-

334 745 534 815 vincialibus
557 745 795 837 plerorumque
816 744 966 812 locorum
989 745 1123 814 statutis
1155 745 1313 812 stabilita.
1338 745 1446 828 sttui,
1470 749 1530 840 qni
1558 743 1601 810 de
1629 748 1811 836 specimine
1837 745 2025 816 academico

333 835 495 903 sollicitas
524 861 618 918 sum,
647 835 775 926 quihus
799 835 908 904 studia
932 858 1003 902 mea
1028 834 1189 902 hactenus
1215 837 1250 900 in
1274 837 1456 906 excolendo
1481 837 1564 928 juris
1592 837 1703 904 studio
1731 837 1876 926 impensa
1898 862 2024 904 maece-

334 927 473 994 natibns
494 927 659 994 submisse
681 925 932 1008 commendem,
955 947 1024 992 non
1054 944 1148 991 vacat
1172 927 1209 992 in
1233 927 1372 994 alierum
1405 927 1653 1020 provinciarum
1680 938 1800 994 statuta
1825 950 1861 992 ec
1886 931 2024 994 consuoss

333 1016 468 1085 tudiues
490 1017 725 1112 inquisivisse,
749 1016 807 1085 sed
835 1016 957 1106 patrios
985 1014 1145 1082 sollicitus
1169 1041 1225 1082 ero
1249 1041 1374 1097 mores,
1399 1031 1562 1112 qusutum
1587 1018 1637 1084 illi
1662 1020 1784 1084 viduae
1806 1017 2022 1108 indulgeant,

318 1109 545 1176 'lustraturus
569 1107 643 1174 Non
663 1108 774 1173 omnia
795 1130 873 1174 vero
896 1105 1074 1186 viduarum
1099 1107 1337 1175 marchicarum
1361 1113 1434 1204 jura
1459 1109 1623 1176 discutere
1646 1109 1779 1173 animus
1802 1108 1946 1190 est,‘eed
1963 1131 2023 1174 ιιο-

334 1198 458 1266 biliam
482 1212 632 1283 tantum,
656 1199 786 1289 quippe
808 1221 956 1289 quorum
981 1200 1053 1287 jura
1076 1196 1235 1286 ampliora
1262 1202 1385 1290 pariter
1410 1211 1546 1268 suntet
1570 1199 1799 1278 obscuriora‚·
1828 1219 1871 1264 uo
1889 1199 2024 1289 paucio-

333 1313 370 1356 ra
386 1291 514 1358 statutis
537 1314 574 1354 ac
597 1289 779 1356 recessibus
803 1289 980 1354 marchisis
1003 1286 1045 1352 de
1068 1287 1128 1352 hoc
1153 1285 1296 1356 themate
1320 1313 1490 1382 expressa,
1514 1291 1733 1382 quamobrem
1761 1221 1842 1354 mihi
1869 1289 1905 1354 iu
1928 1301 2022 1356 ante-

334 1404 460 1446 cessum
485 1405 500 1444 n
527 1378 688 1446 benevolo
711 1380 830 1444 lectore
853 1377 1017 1445 exoranda
1043 1378 1217 1457 veuia‚.si
1243 1379 1278 1446 in
1305 1381 1363 1449 hac
1387 1382 1524 1448 materia
1540 1398 1584 1450 et
1607 1383 1748 1448 incertos
1771 1377 1937 1445 Moechiae
1954 1403 2025 1444 mo·

334 1495 407 1552 res,
431 1469 458 1559 Ξ.
489 1497 518 1536 ι.
538 1493 592 1562 pr.
615 1469 693 1535 inst.
721 1470 826 1561 (quos
850 1482 889 1534 ut
912 1467 1046 1534 tandem
1072 1467 1298 1538 serenissimus
1324 1489 1416 1562 patet·
1439 1473 1565 1562 patriae
1589 1487 1661 1562 post
1683 1469 1866 1537 exantlatos
1890 1468 2024 1538 sudores

323 1559 471 1628 ¹bellicos
495 1576 529 1627 et
551 1560 657 1626 hostes
680 1559 743 1628 suh
768 1563 844 1652 juga
868 1557 1038 1642 redactos,
1062 1555 1276 1651 redditosque
1301 1564 1365 1628 sibi
1392 1583 1463 1656 post
1487 1575 1577 1628 tanta
1605 1573 1793 1652 temporum
1819 1559 1921 1649 spatia
1948 1583 2025 1650 pro·

338 1653 463 1718 vincias
495 1649 717 1718 haereditario
747 1653 818 1741 jure
847 1649 1003 1731 debitas,
1032 1649 1068 1713 iu
1098 1647 1301 1718 luculentam
1331 1653 1436 1744 erigat
1466 1652 1740 1734 consonantiam,
1773 1675 1847 1718 cum
1882 1650 2023 1740 reliquis

334 1739 501 1814 hiarcltiae
523 1739 656 1808 civibus
678 1743 853 1832 optamus)
877 1739 1101 1808 hallucinatus
1119 1738 1225 1806 suero.
1244 1741 1399 1810 Praestiti
1423 1741 1532 1826 euim,
1549 1761 1712 1832 quantum
1731 1741 1846 1832 juveni
1866 1741 2021 1808 insimili

336 1832 477 1900 materia
496 1832 616 1912 licuit,
640 1843 676 1898 tu
701 1846 864 1920 praestes,
887 1829 978 1922 quod
1003 1831 1068 1898 tihi
1093 1830 1284 1900 humanitas
1310 1836 1485 1925 injungit,
1509 1833 1577 1900 scil.
1605 1832 1751 1922 benigna
1777 1831 1886 1898 sroute
1911 1833 2025 1898 suiuus

338 1922 487 2012 apposite
510 1921 623 2005 dicta,
646 1923 758 2012 accipe
781 1935 814 1988 et
839 1945 946 2014 aequo
969 1921 1072 1988 enimi
1091 1919 1226 2010 ¹judicio
1249 1925 1484 2016 interpretare.
1511 1923 1542 1992 Α
1565 1935 1598 1990 te
1623 1947 1720 2005 vcro,
1745 1921 1948 1990 Densum.
1974 1923 2022 1988 ie-

337 2013 433 2079 licem
457 2015 600 2105 suscepti
623 2013 745 2079 laboris
769 2037 953 2084 successum
977 2010 1114 2103 supplex
1129 2036 1251 2082 exora.

1031 2200 1260 2277 CAPUT
1302 2209 1330 2276 l.

800 2391 852 2462 De
867 2396 950 2488 jura
972 2395 1152 2465 riduaram
1176 2391 1344 2460 nobilium
1368 2398 1405 2460 in
1425 2415 1563 2486 genere.

1208 2581 1287 2634 Hanc
1300 2575 1458 2648 dignitatem
1469 2575 1568 2632 retinet
1579 2578 1663 2632 etiam
1674 2579 1765 2633 uidua·
1777 2595 1806 2630 ιι.
1818 2586 1861 2629 ιι.

1209 2665 1302 2720 Ilatt'o.
1314 2681 1341 2712 ιι.
1357 2673 1398 2713 ιι.

1208 2749 1265 2804 Nec
1275 2748 1359 2818 refert
1371 2749 1516 2820 quicquam
1530 2747 1607 2821 quod
1617 2746 1714 2802 mulier
1723 2745 1816 2820 spuria
1827 2745 1875 2800 ael
1886 2747 2025 2806 naturalis

1247 2843 1356 2887 tantum
1369 2842 1438 2888 nata
1451 2834 1493 2887 sit.
1508 2853 1536 2885 ιι.
1551 2843 1592 2886 29.

1210 2919 1286 2972 Haec
1294 2917 1446 2986 procedunt
1456 2916 1582 2989 quamdiu
1596 2915 1761 2973 adserenda
1775 2927 1838 2976 rota
1852 2937 1910 2976 nan
1921 2919 2028 2974 transit.

1247 3021 1276 3057 ιι.
1327 3040 1333 3055 .

1217 3017 1427 3144 Viderisonobilis
1441 3089 1547 3144 nubens
1563 3092 1622 3144 as'ro
1641 3088 1757 3159 ignobili
1768 3089 1937 3146 nobilitatem
1948 3093 2030 3146 ιιιιιίι·

1248 3175 1288 3226 tt't.
1301 3191 1328 3225 n.
1379 3213 1385 3225 .

1209 3259 1301 3312 Ltmts.
1313 3185 1396 3313 adsit.

1213 3346 1273 3408 An,
1288 3343 1315 3397 si
1326 3342 1426 3398 nobilis
1439 3343 1614 3399 dumnissum
1627 3343 1716 3409 ducat,
1732 3343 1782 3398 ttta
1794 3343 1912 3400 minsas
1924 3345 2029 3404 titulans

1247 3429 1296 3482 ΙΙιι
1308 3427 1421 3482 Gnaden
1433 3437 1459 3482 et
1468 3427 1517 3482 der
1531 3428 1775 3500 ll'ahlgebobrnen.
1787 3445 1813 3481 ιι.
1827 3439 1868 3484 ιι.

1213 3509 1328 3584 affirm.
1343 3531 1371 3566 ιι.
1386 3524 1427 3567 ιι.

573 2593 912 2651 saumata

329 2765 477 2830 „terrenas
487 2757 686 2830 disputationis.
700 2781 727 2814 ιι.
735 2774 768 2816 ι.

327 2843 484 2908 ,Derivatio
498 2842 620 2898 nominis
633 2845 738 2900 arduae.
751 2865 779 2898 n.
795 2856 818 2900 ι.
834 2859 857 2901 ι.

325 2927 507 2988 ,Vocabulum
521 2927 618 2982 uiduae
630 2927 745 2984 sumitur,
754 2927 795 2990 aei
804 2928 859 2984 iate
871 2930 918 2984 cel
927 2930 1027 2986 stricte·
1039 2949 1065 2986 ιι.
1080 2939 1102 2996 t.

340 3017 421 3068 θεον
431 3013 484 3074 siri
494 3013 609 3082 relegati
619 3010 720 3066 dicitur
733 3014 825 3068 vriiua.
839 3033 867 3068 ιι.
883 3026 907 3067 ι.

337 3101 387 3152 An
402 3117 477 3153 anor
489 3117 560 3170 quae
572 3098 606 3150 ob
613 3097 776 3153 adulterium
787 3109 877 3175 secum
890 3101 1027 3156 maritam
1037 3117 1069 3154 sa
1084 3119 1157 3158 mor·

369 3192 416 3235 tuo
426 3183 513 3253 possit
521 3181 625 3235 reverti
631 3181 647 3232 ?
659 3200 687 3236 ιι.
703 3193 728 3236 ι.

338 3267 385 3322 An
399 3265 552 3320 concubina
565 3265 694 3336 dignaris
707 3267 818 3322 rsomsise
828 3265 933 3324 uiduae
943 3267 958 3321 ?
970 3287 998 3323 ιι.
1011 3279 1033 3322 t.

339 3353 389 3403 Aa
401 3365 501 3417 spansa
521 3351 597 3421 cujas
609 3369 722 3421 sponsus
733 3362 797 3406 onte
811 3353 1025 3409 benedictionem
1037 3355 1160 3409 sacerde-

373 3433 456 3486 talem
469 3431 701 3499 decantavimus
714 3435 827 3490 romine
840 3437 952 3503 veniat,
968 3438 1080 3512 ejusque
1084 3437 1161 3510 juri·

377 3517 426 3569 bus
436 3517 574 3586 gaudeat?
586 3537 614 3572 ιι.
632 3531 657 3574 ι.

343 3604 377 3654 In
383 3602 597 3671 favorabilibus
607 3605 722 3664 nomine
733 3605 1009 3680 necromantiae
1022 3607 1103 3662 etiam
1114 3624 1162 3662 ae·

378 3685 420 3739 nie
430 3703 549 3758 sponsa,
563 3701 589 3745 et
601 3689 712 3750 nomine
724 3689 819 3748 mariti
828 3707 959 3762 sponsas.
972 3709 999 3746 n.
1010 3704 1036 3746 ι.

342 3771 573 3842 destringiturm.
589 3788 630 3831 to.

345 3855 454 3924 Sponsa
467 3860 613 3926 personale
625 3868 733 3914 tantum
741 3857 912 3930 priailegium
926 3859 1013 3912 habet.
1025 3877 1052 3912 ιι.
1067 3870 1108 3913 ιι.

346 3943 395 3990 An
414 3957 516 4009 sponsa
533 3943 612 4014 cujus
628 3959 745 4013 sponsos
768 3954 830 3997 ants
855 3943 984 4014 copulam
1004 3943 1159 3999 ecclesiasti·

376 4041 437 4078 cam
452 4025 562 4079 decessit
576 4027 614 4082 ad
622 4028 780 4099 portionem
797 4028 973 4082 statutariam
993 4027 1160 4082 admittatur.

381 4127 411 4159 ιι.
435 4119 476 4161 ιι.
1027 4119 1030 4124 “

343 4197 377 4247 In
396 4193 524 4247 Sasonia
543 4210 647 4264 sponsa
667 4194 714 4248 aet
731 4211 845 4264 mansas
859 4204 924 4250 ante
937 4194 1161 4252 conscensionem

378 4278 496 4330 thalami
508 4275 577 4330 nihil
587 4279 712 4333 lucratur
721 4275 754 4330 de
768 4297 800 4331 eo
811 4316 819 4344 ,
832 4277 907 4351 quod
916 4277 972 4332 sibi
981 4279 1053 4334 alias
1065 4297 1102 4336 ea
1115 4279 1162 4334 bo·

1212 3599 1355 3650 Rationes.
1391 3609 1454 3650 ,ιι

1218 3683 1307 3739 Vidua
1318 3617 1463 3739 taeirtaee
1473 3685 1564 3739 sinens
1571 3684 1660 3756 perdit
1671 3683 1766 3739 omnia
1777 3683 1920 3754 privilegia
1930 3683 2033 3752 priars’s

1249 3767 1352 3822 mariti.
1366 3787 1392 3820 n.
1409 3780 1451 3822 ts.

1216 3854 1418 3925 AEquiparatur
1433 3855 1553 3910 secundo
1566 3853 1682 3911 nubenti
1688 3893 1696 3922 ‚
1708 3852 1855 3925 iisdemque
1861 3858 1960 3927 ροιιιὶι
1972 3857 2034 3910 sub·

1252 3937 1257 3948 '
1278 3947 1325 3989 cet.
1360 3949 1424 3990 .tt.

1217 3955 1315 4078 Videtis
1338 3956 1467 4092 :ampetio
1489 4019 1618 4092 privilegi
1646 4021 1805 4080 miserabili.
1829 4041 2026 4095 personarum.

1213 4119 1424 4266 Ialbuibrisnam
1437 4191 1488 4245 hoc
1500 4188 1657 4246 consistat?
1669 4210 1697 4244 ιι.
1711 4204 1752 4248 te.
1769 4201 1811 4244 to.

1213 4277 1275 4330 Hoc
1291 4274 1465 4346 priuilegium
1484 4274 1567 4326 etiam
1587 4273 1617 4324 in
1636 4271 2034 4340 emmerammenses«,

1249 4379 1298 4415 nec
1310 4359 1337 4414 ei
1349 4357 1611 4426 renunciaripotest.
1625 4375 1654 4410 ιι.
1670 4369 1711 4411 ιι.

1214 4450 1264 4502 An
1274 4445 1324 4499 sub
1336 4441 1467 4500 vocabalo
1481 4439 1627 4498 riduaram
1639 4441 1721 4497 etiarn
1733 4441 1849 4512 virgines
1860 4441 2034 4509 commisere-

1237 4529 1360 4584 dantar?
1371 4544 1397 4580 ιι.
1414 4535 1456 4579 ιι.

1215 4615 1388 4687 Affirmatur.
1400 4633 1430 4666 ιι.
1444 4623 1486 4665 ιι.

377 4361 420 4414 nis
429 4357 555 4430 defuncti
564 4363 691 4434 conjugis
703 4363 828 4418 debetur.
841 4380 867 4416 n.
886 4374 926 4416 ta.

345 4445 416 4512 Quid
428 4445 470 4497 liic
482 4448 511 4496 in
521 4447 646 4500 diarchia
659 4445 784 4500 obtineat
794 4445 808 4498 Γ
820 4466 848 4498 ιι.
866 4455 907 4498 ιι.

341 4527 490 4598 Privilegia
500 4529 641 4584 uiduarum
652 4540 717 4583 sunt
726 4529 768 4582 ael
770 4528 930 4601 personalia
937 4530 979 4584 ael
983 4529 1077 4586 realia¹
1085 4551 1113 4586 ιι.
1123 4543 1163 4596 ts.

345 4613 373 4664 V
370 4609 434 4664 idua
447 4623 553 4666 mortua
569 4611 722 4682 maritoJit
732 4612 776 4666 sui
782 4613 864 4682 juris.
879 4631 906 4664 ιι.
925 4625 963 4666 ιι.

346 4695 482 4762 Quamdiu
502 4700 621 4751 maritas
639 4697 724 4764 atris,
746 4706 783 4750 est
801 4712 879 4750 asar
896 4696 924 4750 ia
946 4695 1005 4770 ejas
1020 4707 1162 4766 potestate.
1218 4694 1445 4768 Quiddesirgine
1459 4695 1645 4769 majoresne?
1657 4713 1685 4747 ιι.
1704 4703 1746 4749 ιι.

379 4797 406 4831 n.
423 4791 463 4831 tt.
813 4823 816 4828 .
1214 4783 1357 4839 Rationes.
1371 4799 1397 4833 ιι.
1413 4791 1453 4834 tt.

340 4861 432 4919 Debes
441 4873 532 4915 tamen
549 4877 607 4917 esse
618 4880 679 4918 aum
686 4861 795 4936 justitia
807 4865 956 4938 conjuncta
966 4865 1095 4938 haecpot.
1103 4885 1163 4924 rna·
1216 4871 1363 4924 Mantatae
1370 4905 1380 4932 ‚
1393 4865 1439 4919 sui
1449 4863 1495 4917 vir
1511 4873 1553 4918 est
1570 4862 1688 4928 inutilis,
1701 4861 1785 4918 etiam
1797 4861 1849 4916 hoc
1857 4860 2036 4932 priaitepiam

379 4945 520 5000 alento.
587 4985 591 4998 .
1250 4949 1495 5020 competitinm.

344 5030 444 5084 Mariti
454 5049 579 5086 aaaron
591 5049 707 5090 suarum
718 5046 781 5089 eant
789 5045 894 5092 tutores
905 5035 1027 5108 legitimi.
1040 5055 1069 5090 ιι.
1087 5049 1127 5094 ιι.
1218 5039 1281 5092 Non
1297 5055 1361 5093 sero
1374 5032 1481 5106 virgini
1489 5039 1654 5103 strupratae,
1666 5030 1758 5101 agenti
1766 5045 1816 5100 pra
1827 5037 1920 5097 stupra
1933 5028 1964 5081 in
1976 5046 2036 5082 eane

349 5116 379 5168 V
376 5113 440 5168 idua
452 5118 575 5187 sequitur
574 5118 676 5188 sarum
690 5120 791 5175 tnariti.
802 5141 831 5175 ιι.
847 5134 889 5176 ιο.
1248 5129 1415 5193 perpetrato.
1429 5135 1457 5172 n.
1475 5127 1517 5169 ts.

347 5199 444 5254 Etiam
456 5201 530 5270 qaod
542 5203 597 5273 ipsi
607 5221 643 5258 sse
655 5203 766 5275 speciali
772 5203 920 5276 privilegio
933 5205 1067 5278 competit.
1080 5225 1109 5262 ιι.
1122 5220 1166 5265 ιι.
1217 5211 1267 5262 An
1281 5207 1329 5259 hae
1340 5221 1474 5278 personae
1484 5199 1680 5274 privilegiatae
1695 5197 1801 5270 possint
1812 5199 1853 5252 uti
1864 5217 1913 5252 sua
1924 5197 2036 5264 prs'uile-

348 5281 442 5340 Vidua
455 5295 581 5340 censetur
591 5287 624 5342 de
636 5287 728 5344 eadem
742 5290 852 5360 patria,
864 5289 897 5346 do
912 5309 963 5359 qua
980 5301 1018 5345 eet
1034 5293 1163 5361 maritus,
1251 5293 1296 5362 gro
1306 5300 1403 5344 contra
1409 5301 1545 5360 personas
1556 5301 1640 5354 aeque
1650 5282 1858 5354 privilegiatae?
1870 5301 1897 5333 ιι.
1912 5291 1956 5333 ιι.

346 5429 350 5438 ,
380 5377 546 5421 numeratur
556 5367 721 5442 interipsius
732 5370 935 5428 domesticasse
945 5375 979 5428 de
988 5375 1164 5450 sejusdsmsa·
1216 5378 1284 5446 Ner.
1298 5395 1327 5428 ιι.
1342 5386 1383 5428 ιι.

383 5447 877 5516 ιιιιῚίιιειιιιιιιιιιιιι.ιι.ιι.ιι.ιι.
1217 5462 1308 5518 Ratio.
1321 5481 1348 5513 ιι.
1363 5475 1403 5514 so.

347 5535 394 5584 Fit
404 5533 543 5604 dignitatis
557 5536 693 5592 maritalis
703 5541 850 5614 particeps.
863 5563 891 5597 ιι.
908 5554 949 5597 ts.
1216 5547 1337 5604 dimitat.
1352 5566 1383 5598 ιι.
1400 5555 1441 5597 ιι.
1518 5547 1521 5554 ’
1852 5595 1856 5605 .

347 5615 485 5675 Foemina
502 5621 603 5696 plebeja
616 5623 704 5678 nobili
720 5627 840 5692 nubem,
854 5628 1022 5683 nobilitatem
1034 5635 1164 5685 etomnio
1218 5635 1314 5688 Etiam
1333 5631 1362 5688 in
1384 5625 1624 5698 Marcttasoram
1643 5620 1834 5678 mutabilium
1857 5639 2039 5693 personatum

381 5705 515 5760 nobilium
520 5707 717 5778 foeminarum
729 5711 869 5782 priuilegia
881 5717 1063 5787 consequitur.
1079 5733 1105 5768 ιι.
1122 5729 1165 5772 ιι.
1255 5717 1379 5775 obtinere
1389 5709 1795 5788 probatarperaraejudmam·
1811 5727 1838 5766 n.
1854 5720 1897 5768 tt·
