4310 6294
143 327 210 382 1133

519 325 568 382 DE
586 331 677 389 trun
695 329 740 384 EX
762 327 934 384 ALTERIUS
953 323 1117 383 PERSONA
1138 323 1343 384 BENEGATO.

1012 231 1038 290 Ι

1650 321 1717 395 nti

80 438 210 484 testatore
229 429 256 480 in
276 427 404 500 judicium
424 427 571 500 petatium
595 423 711 477 oblato?
734 422 903 492 disquiritur.
927 431 932 514 q
954 421 1010 484 cit,
1036 423 1095 493 ipse
1121 421 1215 476 iecisse
1243 421 1383 493 putandus.
1407 417 1549 476 Fuimaero
1575 430 1650 476 actus
1669 421 1715 476 bic
1732 425 1773 494 jn·
1819 427 1843 498 'q

78 511 362 582 Negatirasenteutis,
377 513 517 585 peculium
531 509 625 564 clierri
646 519 830 562 testimenium
851 525 904 562 non
929 530 930 539 ι
955 506 1029 558 randi
1051 508 1110 560 talis
1130 517 1190 570 est,
1209 509 1254 577 qni
1275 507 1434 576 religionem
1452 506 1664 578 industriamque
1681 507 1770 580 ipsius

80 615 173 666 posse,
205 599 317 669 practica
337 607 390 662 est,
411 597 536 669 Carpsor.
552 613 579 666 ρ.
601 607 625 646 1.
643 611 665 646 c.
680 605 704 644 1.
722 594 747 646 d.
769 602 811 646 11.
830 611 860 644 ιι.
882 603 902 646 t.

79 683 156 734 Mes.
173 684 266 756 adjus
281 685 365 737 lutee.
375 703 401 752 ρ.
421 691 445 736 1.
460 694 512 738 nrt.
527 695 589 737 1.11.
603 691 647 732 11.
659 679 797 732 Corarrnr.
807 687 827 732 1.
842 687 865 730 1.
877 697 905 748 ρ.

83 775 109 814 r.
123 783 148 818 e.
166 767 199 820 de
218 777 320 820 testum.
334 767 451 820 lierlieb.
467 785 492 834 ρ.
509 778 533 819 t.
546 783 568 817 c.
583 775 606 814 t.
620 783 647 816 11.
661 773 702 816 sc.
715 763 768 815 Nec
784 764 851 832 juris
865 781 906 816 rs·

82 846 162 900 tione
179 849 308 904 destituta
322 849 436 904 ridetur.
450 849 555 902 Etenim
572 850 599 900 in
614 857 770 900 testamento
786 847 906 915 judiciali

78 930 129 982 rix
148 932 305 1004 quicquam,
325 945 432 1005 praeter
451 933 630 1004 praesentiam
650 931 777 996 testium,
805 941 845 983 est
865 947 906 984 re·

81 1014 217 1082 missum,
238 1019 336 1089 quippe
353 1037 464 1088 qnorum
486 1017 618 1072 deiectum
634 1017 697 1071 sutis
709 1017 814 1086 supplet
832 1015 904 1082 juli·

79 1103 117 1154 cii
141 1106 283 1158 auctoritas
301 1116 379 1176 stque
398 1103 481 1172 fides,
502 1105 520 1157 i.
536 1115 576 1157 ts.
588 1121 610 1158 c.
622 1104 655 1157 de
668 1113 769 1156 testam.
790 1101 906 1155 Berlicb.

80 1186 108 1238 d.
121 1186 143 1242 t.
155 1207 185 1240 ιι.
209 1199 251 1242 11.
269 1191 329 1242 Jam
348 1208 425 1256 uero,
446 1189 484 1242 uti
502 1192 531 1241 in
549 1190 601 1243 slio
621 1198 775 1243 testamento
793 1186 906 1240 solemni

59 1285 240 1334 -uecessnm,
259 1281 288 1326 11
308 1283 389 1326 testes
408 1281 561 1328 testatorem
580 1273 687 1326 rideant
704 1282 731 1324 et
748 1269 870 1333 andiunt,
890 1269 909 1322 l.

82 1363 108 1402 1.
122 1371 147 1405 c.
160 1354 192 1407 de
205 1365 308 1408 tertam.
328 1358 364 1412 ita
382 1357 462 1410 etism
477 1358 621 1428 judicium,
641 1357 712 1427 quod
727 1357 854 1408 inlocum
872 1363 909 1406 tc·

80 1437 167 1488 stium
189 1439 233 1492 bic
250 1451 292 1494 est
308 1451 490 1511 corrogatum,
510 1441 602 1495 sidere
620 1453 643 1494 et
662 1441 755 1492 audire
773 1437 851 1492 debet
871 1446 909 1488 ts·

80 1531 227 1587 statorem,
243 1527 367 1595 quonism
385 1537 548 1595 surrogatum
563 1526 631 1595 sapit
646 1535 766 1577 naturam
786 1525 852 1590 ejus,
866 1520 909 1574 cul

85 1619 255 1676 snrrcgrtnr3
275 1609 358 1673 adde,
376 1611 445 1680 quod
466 1617 623 1664 testamenta
642 1610 688 1661 illa
708 1607 843 1675 judicialia
857 1621 909 1658 sae

80 1690 147 1760 pins
167 1709 247 1746 manu
267 1695 338 1748 tertii
358 1696 575 1758 conscribentur,
594 1700 621 1746 el
641 1702 778 1745 testatores
790 1689 845 1742 sint
859 1688 909 1742 im·

83 1773 170 1842 periti
189 1775 338 1841 literarum,
355 1777 502 1849 dequibus
523 1785 635 1840 constat,
647 1775 717 1845 quot
737 1791 789 1827 non
808 1774 912 1826 ualeant

81 1857 139 1908 nisi
158 1858 239 1926 judex
259 1861 349 1914 eadem
368 1862 457 1914 oblata
475 1861 598 1915 testatori
621 1861 719 1914 iterum
733 1861 866 1930 praelegat
885 1864 912 1912 el

81 1950 243 2008 cognuscat,
263 1959 296 1995 an
310 1943 375 1997 haee
392 1946 451 2012 ejus
463 1943 519 1997 sint
538 1941 622 2014 elogia
641 1959 777 2013 suprema,
792 1942 911 1996 Berliob.

78 2043 105 2090 ρ.
122 2035 184 2076 e-c.
211 2034 235 2078 1.
263 2045 291 2079 n.
314 2038 354 2078 11.
373 2027 443 2098 Ergo
462 2044 597 2081 necessum
618 2039 669 2094 est,
691 2036 720 2080 nt
741 2037 851 2080 testetur
878 2027 908 2079 in

24 2122 38 2153 ι·
80 2106 186 2171 indicio
201 2121 361 2180 compareat.
380 2109 435 2162 Nec
454 2111 558 2174 obstat,
570 2109 640 2182 quod
654 2111 681 2162 iu
697 2108 807 2178 judiciis
820 2112 909 2162 omnis

80 2191 158 2244 fraus
177 2205 359 2264 praesumatur
377 2195 506 2258 exulare,
528 2212 590 2247 nam
610 2211 663 2247 non
684 2204 724 2248 est
740 2195 857 2262 quaestio
875 2193 909 2248 de

79 2277 181 2330 tabulis
214 2280 267 2348 jam
287 2280 444 2346 insinuatis,
461 2281 537 2334 etad
556 2289 611 2334 acta
629 2281 681 2348 jam
696 2279 843 2348 repositis,
861 2279 907 2332 sed

80 2361 117 2414 de
138 2363 334 2427 insinuandis,
353 2363 397 2417 bis
414 2381 477 2418 sane
494 2364 641 2436 pericnlum
668 2361 794 2416 imminet
812 2361 908 2426 facile,

80 2465 133 2502 nec
147 2448 314 2504 sliuseadem
325 2447 439 2521 fideque
450 2447 508 2521 ipse
517 2449 706 2521 solesetpctes,
723 2465 766 2502 res
783 2459 839 2504 tuas
853 2457 908 2501 tra·

27 2533 32 2544 '
81 2532 185 2598 ciebit,
203 2532 268 2586 bion
285 2533 476 2602 delegandum,
501 2533 642 2588 noluerunt
659 2536 717 2603 jura
730 2569 740 2599 ,
755 2535 826 2602 qud
848 2553 907 2607 epe·

80 2617 148 2672 ciali
169 2615 224 2672 lide
243 2619 328 2690 ipsias
345 2618 490 2689 delegantis
516 2619 629 2689 indiget.
662 2619 723 2672 add.
751 2621 905 2676 liartmano.

78 2703 181 2756 Pistor.
191 2721 218 2774 p.
233 2717 258 2758 s.
269 2712 369 2774 quaest.
390 2715 432 2757 11.
446 2722 473 2756 ιι.
489 2715 512 2756 1.
539 2703 668 2773 Quamvis
685 2719 747 2756 vero
765 2703 829 2758 baec
847 2723 907 2760 sen·

78 2787 165 2840 tentia
183 2803 231 2842 nsu
250 2787 302 2842 iori
323 2800 439 2860 recepta,
460 2806 509 2842 nec
528 2789 668 2860 quisquam
687 2787 839 2854 doctorum,
858 2790 906 2861 qni

78 2872 170 2942 palam
185 2873 348 2926 contrariom
361 2871 496 2944 professus
510 2871 606 2937 inerit,
618 2872 686 2924 mibi
701 2871 834 2942 bucusque
845 2891 904 2928 suo·

8 2979 9 2986 ¹
77 2958 214 3025 currerit,
240 2959 350 3013 memini
373 2971 478 3022 tamen,
505 2975 548 3012 me
566 2975 598 3012 cx
615 2976 662 3012 ore
680 2958 786 3012 domiui
805 2961 904 3031 praesi-

8 3081 9 3090 .
80 3040 138 3097 diis
157 3043 329 3115 percepisse,
355 3041 514 3096 seutentiam
535 3037 602 3095 lianc
624 3041 768 3112 practicam
789 3041 823 3096 ad
841 3042 904 3097 illos

75 3141 154 3178 esses
174 3125 359 3192 referendam,
378 3125 424 3178 nbi
442 3124 592 3177 communis
604 3141 680 3177 error
692 3126 734 3191 ins
746 3121 819 3178 iecit.
834 3125 903 3179 Sans

75 3210 169 3262 nullus
181 3209 249 3276 iurls
267 3209 354 3264 ciuilis
373 3227 422 3262 nec
439 3209 560 3264 saxonici
579 3217 665 3262 textus
684 3209 779 3272 adest,
794 3210 841 3280 qui
862 3211 902 3263 ln·

8 3341 9 3346 ,
76 3291 260 3345 sinuationem
279 3293 431 3347 testamenti
446 3310 494 3363 per
506 3301 707 3365 procuratorem
726 3292 855 3346 inhibeat.
867 3293 903 3346 Et

8 3425 11 3452 ,
77 3383 159 3445 urget
175 3377 286 3429 omuino
302 3378 423 3450 superins
441 3377 549 3431 adducta
574 3375 723 3441 sententis,
747 3395 797 3447 qua
824 3377 901 3434 tertio

75 3460 110 3513 de
129 3461 209 3514 bonis
228 3459 294 3514 meis
314 3462 424 3518 testandi
444 3461 549 3518 licentia
568 3463 702 3518 committi
718 3475 813 3534 potest,
830 3465 900 3533 qnod

78 3547 99 3596 si
121 3545 188 3606 boc.
206 3563 221 3596 a
240 3545 448 3598 minorennitste
466 3545 577 3600 rationis
595 3546 772 3615 argumentari
792 3546 899 3600 licebitr

76 3645 142 3700 ergo
160 3645 207 3700 per
224 3628 331 3682 tertium
346 3636 528 3682 testamentum
542 3629 620 3682 etism
635 3629 769 3685 insinuare
787 3633 898 3702 peruris·

28 3731 38 3772 3
77 3731 137 3768 sum
165 3717 225 3768 erit.
245 3711 414 3784 supponebat
431 3722 519 3766 aulem
538 3711 582 3765 dn.
603 3714 732 3780 Praenes,
759 3713 792 3766 de
819 3733 898 3769 mann

75 3800 214 3854 testatoris
240 3797 352 3852 dubium
378 3811 515 3867 superesse
540 3798 662 3860 nullum,
691 3797 898 3868 mandatumque

8 3939 9 3952 ρ
74 3883 108 3936 de
127 3881 289 3938 insinuando
309 3889 462 3935 testamento
475 3879 552 3932 alteri
565 3879 656 3934 datum
675 3881 703 3933 in
722 3881 844 3936 couiessn
856 3899 898 3936 es·

8 4009 9 4036 ,
76 3986 125 4032 se,
154 3969 193 4020 sel
219 3967 252 4020 de
269 3965 341 4018 lucili
362 3961 474 4037 probare
492 3979 590 4034 posse,
618 3965 666 4018 bac
692 3965 794 4019 ratione
824 3971 898 4022 enim

79 4060 187 4106 casani
220 4051 331 4119 omnia,
360 4067 426 4120 quse
457 4049 502 4102 bic
531 4047 630 4120 opponi
655 4059 788 4120 possem,
821 4069 897 4122 ergn-

80 4146 179 4192 meula.

9 4271 19 4298 ,
32 4237 39 4284 ι
115 4221 158 4273 De
176 4219 318 4288 juramenti
330 4217 509 4290 praestatione
520 4233 601 4286 seque
612 4215 762 4288 ambigunt,
773 4233 805 4269 sn
819 4234 894 4289 prae-

8 4349 9 4382 q
79 4305 167 4359 cisen
187 4303 327 4376 principali
348 4319 453 4372 semper
471 4298 531 4356 beri
557 4299 661 4364 debeat,
683 4317 714 4352 an
734 4301 814 4354 etism
834 4319 895 4374 pro·

8 4437 9 4466 ρ
79 4398 227 4443 circatorem
243 4403 389 4460 supponere
403 4387 500 4450 liceat,
512 4385 557 4456 qui
570 4386 641 4456 joret
660 4385 688 4438 in
706 4386 823 4438 salmam
838 4389 895 4458 pri·

8 4533 9 4542 ρ
76 4473 191 4546 cipalis?
209 4473 453 4545 personalissimum
469 4472 538 4524 bunc
552 4480 641 4523 actam
652 4485 719 4532 esse,
732 4479 757 4524 et
769 4489 816 4541 per
829 4490 893 4542 pro-

8 4625 9 4630 *
76 4571 222 4612 raaratorem
241 4575 293 4611 non
312 4555 504 4626 expediendum
525 4553 664 4609 contendit
682 4555 891 4626 dusboldekop.

8 4707 9 4712 ¹
76 4649 105 4697 iu
125 4641 259 4710 peculiari
273 4641 406 4696 dissertat.
424 4638 457 4692 de
468 4639 590 4712 jureinr.
603 4642 632 4693 in
646 4640 725 4694 alter.
740 4639 825 4694 anim.
840 4639 892 4694 set

75 4728 137 4778 huic
155 4742 212 4779 sese
229 4726 353 4795 opposuit
373 4723 504 4776 Gerbnrd.
521 4723 649 4776 Feltmam
678 4725 790 4793 epeeiuli
813 4735 892 4780 troci.

26 4849 34 4856 .
77 4813 109 4864 de
121 4809 240 4883 jurejur.
263 4810 292 4860 in
316 4807 397 4860 cicer.
415 4805 498 4859 anim.
524 4806 637 4878 Utrique
662 4825 723 4862 sane
742 4809 797 4862 auis
815 4827 892 4876 regin

79 4893 178 4947 mentis
200 4892 382 4962 plaudentibus
401 4909 455 4944 non
474 4891 617 4950 destituti,
637 4901 664 4944 et
679 4929 687 4956 ,
704 4903 833 4962 quantum
853 4893 891 4949 io·

76 4995 136 5031 rum
157 4978 293 5030 concernit
312 4987 466 5036 externum,
485 4991 515 5026 eo
531 4977 584 5044 jam
604 4990 645 5026 res
664 4977 780 5042 devenit,
792 4979 890 5048 ut'plc·

75 5076 154 5129 reque
171 5063 319 5130 juramenta
337 5075 385 5131 per
404 5058 511 5112 tertium
526 5057 634 5128 speciali
649 5059 773 5114 mandato
792 5062 890 5114 iustru-

74 5156 145 5198 ctnm
165 5149 307 5213 jurentur,
330 5145 407 5215 quale
425 5153 465 5198 est
482 5148 662 5213 juramentum
690 5146 838 5198 calumniae
855 5147 892 5200 ob

73 5245 136 5296 cup.
144 5227 197 5296 fin·
210 5229 244 5282 de
252 5227 309 5296 jur.
321 5228 440 5282 column.
465 5227 495 5280 in
523 5237 577 5282 111.
590 5245 613 5281 ε.
630 5238 654 5279 1.
665 5229 698 5281 X·
711 5225 771 5282 eud.
792 5229 889 5282 Sctser.

75 5313 108 5366 rie
122 5311 228 5386 jurum.
248 5330 269 5365 e.
293 5321 332 5364 tt.
354 5309 470 5363 licrliuls.
486 5331 513 5380 ρ.
535 5321 556 5362 1.
576 5313 664 5364 cunei.
684 5323 725 5366 st.
743 5329 770 5364 n.
794 5321 830 5364 11.
855 5309 889 5363 fl·

8 5397 33 5458 ii
73 5397 191 5451 delitstis
210 5397 254 5448 dn.
276 5399 473 5448 l'rnnnrmann.
486 5393 518 5446 ad
532 5396 664 5449 Wesenb.
675 5396 715 5447 tit.
728 5397 762 5449 dc
770 5397 888 5467 iumine.

69 5500 113 5548 uu·
137 5485 248 5536 11111.
264 5479 281 5532 d
311 5479 398 5550 Steyi.
414 5479 441 5530 in
456 5495 549 5530 enam.
552 5477 610 5550 jur.
615 5478 696 5548 send.
709 5495 731 5532 e.
749 5489 845 5550 11.ριι.
862 5487 887 5530 1.

954 593 1070 660 jurantis
1085 611 1163 662 qnam
1179 593 1294 644 maxime
1306 591 1454 654 desiderat,
1472 608 1496 642 c.
1512 601 1554 644 11.
1567 591 1601 644 X.
1615 591 1769 666 dejurejur.

955 675 1053 748 pendet
1071 677 1144 729 enim
1163 691 1198 728 ex
1218 676 1266 729 boc
1285 683 1343 726 actu
1364 683 1470 726 nostrae
1493 673 1586 728 salutis
1604 677 1646 730 rel
1665 691 1770 728 conser-

955 763 1025 816 rstic
1045 763 1085 813 rel
1103 761 1231 824 amissio,
1250 776 1311 824 crgo
1330 767 1404 810 caute
1429 759 1600 824 subeundus,
1618 768 1646 813 et
1663 775 1771 829 semper

957 847 1092 898 inanimis
1107 861 1164 898 csse
1177 844 1254 896 debet
1268 842 1351 909 illud,
1376 841 1514 912 npinsreic
1532 840 1569 914 μὴ
1592 840 1671 914 ipius
1690 842 1707 895 i.
1731 855 1771 898 11.

955 935 976 990 §.
980 927 1038 999 fin.
1041 925 1082 996 ff
1102 929 1246 1000 dejocum.
1268 926 1347 995 ttqut
1367 927 1401 984 ita
1419 935 1458 976 eat
1477 939 1533 976 mos
1552 923 1693 976 bominum
1712 942 1774 996 per·
1828 943 1843 976 o

958 1028 1068 1077 sersus,
1087 1021 1116 1063 nt
1133 1029 1182 1082 ρει·
1201 1009 1309 1063 tertium
1330 1009 1407 1062 iacile
1420 1007 1484 1078 quid
1510 1008 1675 1078 expediant,
1702 1014 1773 1081 quod

957 1099 1010 1168 ipsi
1030 1099 1059 1149 in
1078 1113 1188 1169 persona
1204 1112 1337 1164 nunqnam
1353 1101 1526 1164 preestareut:
1540 1093 1605 1146 sdeo
1623 1109 1713 1149 secure
1726 1112 1773 1150 no·

957 1195 1038 1236 stram
1058 1181 1235 1234 subalterius
1254 1180 1359 1233 audacia
1378 1179 1521 1232 occulimus
1546 1177 1698 1244 malitiamr
1723 1198 1773 1236 nee

959 1267 988 1322 in
1007 1268 1114 1322 alterius
1132 1265 1221 1320 leonte
1240 1263 1418 1318 strdnudimur
1431 1263 1535 1317 rubore.
1548 1264 1659 1334 Quoties
1677 1284 1774 1335 quaeso

959 1354 1112 1408 reclamaret
1137 1365 1224 1404 coram
1251 1349 1380 1400 tribunali
1406 1347 1550 1400 constituta
1575 1357 1603 1400 et
1626 1355 1775 1406 examinata

960 1437 1121 1493 conscientia
1130 1474 1140 1502 ,
1157 1450 1223 1504 quae
1238 1433 1308 1486 intra
1325 1433 1440 1504 parietes
1457 1431 1511 1484 alto
1530 1434 1614 1503 sopita
1632 1451 1725 1490 mutuo
1744 1458 1777 1492 o·

961 1526 1032 1579 mnis
1044 1526 1112 1594 justa
1125 1533 1147 1575 et
1160 1536 1218 1572 sera
1229 1515 1381 1589 praedicat?
1401 1517 1495 1587 flillip.
1509 1516 1549 1569 ud
1564 1521 1672 1574 Duneli.
1693 1521 1711 1575 i.
1733 1532 1773 1576 11.

961 1625 985 1662 c.
1006 1619 1048 1660 11.
1067 1607 1107 1660 lit.
1126 1607 1151 1659 i.
1172 1603 1302 1666 Accedit,
1327 1603 1397 1673 quud
1421 1604 1600 1671 juramentum
1620 1605 1656 1658 sit
1675 1609 1777 1677 species
1815 1625 1853 1674 ς..

963 1689 1149 1763 probationis,
1169 1689 1206 1740 sit
1223 1687 1326 1757 specics
1346 1695 1475 1751 torturae,
1495 1698 1520 1741 et
1539 1688 1614 1741 testis
1631 1690 1717 1745 sicem
1731 1709 1778 1746 su·

962 1775 1075 1837 stineat,
1094 1781 1120 1824 at
1137 1771 1213 1842 quis,
1232 1771 1289 1823 risu
1308 1769 1417 1840 dignum
1429 1808 1437 1835 ,
1451 1771 1564 1840 proelio
1575 1777 1775 1844 quaestionibus

962 1859 1058 1925 subiici
1079 1853 1192 1929 potest?
1208 1855 1270 1926 quis
1290 1857 1397 1910 testium
1417 1857 1561 1928 peculium
1590 1865 1773 1918 testimonium

962 1944 1103 2016 perbibere
1115 1951 1215 2013 potest,
1234 1958 1322 1996 nonne
1333 1941 1378 1995 bic
1390 1943 1422 1994 ad
1436 1940 1527 1995 literas
1540 1943 1699 2002 subsidiales
1711 1965 1774 2001 con·

961 2027 1090 2100 fugituri
1113 2044 1200 2080 nonne
1223 2025 1325 2096 judices
1349 2027 1467 2080 extranei
1487 2039 1614 2096 rogantur
1627 2069 1636 2096 ,
1662 2041 1691 2088 ut
1715 2050 1776 2088 suus

959 2117 1071 2186 quisque
1090 2111 1211 2165 subditos
1229 2113 1378 2174 examinet,
1398 2120 1425 2164 el
1445 2114 1561 2167 rotulum
1580 2117 1713 2169 examinis
1733 2136 1774 2171 re·

960 2200 1065 2254 mittat:
1085 2212 1132 2250 eor
1151 2193 1205 2249 itai
1223 2195 1293 2265 Quis
1315 2195 1445 2260 testibus,
1466 2214 1519 2250 non
1539 2198 1703 2253 testimoniis
1717 2215 1774 2256 cre·
1812 2231 1829 2282 5

958 2281 1095 2341 dandum,
1115 2279 1217 2347 aliaque
1235 2288 1275 2332 est
1293 2277 1434 2331 auctoritas
1453 2282 1633 2348 praesentium
1652 2284 1775 2352 testium,

958 2371 1007 2423 alia
1023 2365 1251 2428 testimoniorum,
1268 2381 1337 2433 qnae
1354 2363 1459 2418 recitari
1478 2365 1580 2430 solent,
1598 2366 1617 2418 i.
1634 2378 1656 2419 1.
1672 2375 1694 2431 ς.
1707 2382 1730 2424 1.
1749 2379 1778 2425 ee

960 2463 984 2507 1.
988 2449 1170 2524 ffirietertib.
1189 2465 1249 2502 narn
1271 2449 1378 2502 multum
1397 2449 1477 2518 judex
1503 2465 1535 2504 ex
1561 2454 1691 2505 sermonis
1710 2453 1776 2507 titre

958 2537 1048 2590 bantia
1067 2544 1091 2588 et
1109 2533 1365 2588 consternationem
1384 2535 1471 2588 rullus
1490 2535 1636 2590 mutatione
1649 2537 1774 2594 arbitrari

957 2631 1050 2696 potest.
1070 2621 1127 2672 flou
1145 2635 1207 2688 ergo
1224 2618 1368 2671 arbitrium
1388 2637 1438 2673 nec
1457 2619 1537 2688 index
1551 2621 1686 2692 negligere
1696 2623 1775 2678 debet

957 2709 986 2761 in
1005 2725 1050 2770 co,
1069 2704 1114 2776 qui
1132 2707 1278 2774 juramento
1288 2702 1400 2774 probaro
1413 2705 1515 2759 nititur.
1527 2705 1594 2758 llam
1608 2716 1634 2758 at
1648 2706 1693 2760 bic
1704 2709 1773 2762 mul·
1812 2721 1846 2775 53

956 2803 1012 2846 tom
1030 2789 1135 2855 relert,
1159 2807 1207 2861 qna
1233 2789 1380 2843 constantia
1405 2801 1429 2846 et
1456 2790 1634 2862 trepidatione
1651 2795 1773 2864 juretur,

956 2873 1053 2943 Billig.
1070 2872 1099 2926 in
1113 2873 1221 2928 Dcuell.
1235 2873 1280 2926 iii.
1293 2882 1336 2925 11.
1348 2891 1371 2926 ε.
1385 2883 1427 2926 11.
1442 2873 1461 2926 i.
1475 2893 1503 2926 11.
1515 2874 1642 2948 Carpzcr.
1659 2897 1689 2950 ρ.
1708 2892 1730 2932 1.
1749 2899 1774 2934 e.

959 2969 997 3012 11.
1016 2955 1042 3010 d·
1056 2967 1098 3010 se.
1113 2974 1141 3009 n.
1157 2967 1182 3009 1.
1196 2955 1231 3008 Ε1
1250 2954 1319 3010 forte
1333 2958 1428 3011 multos
1441 2959 1473 3011 ad
1485 2961 1633 3032 perjurium
1648 2981 1696 3036 per
1707 2967 1775 3020 alios

955 3042 1103 3116 proclives,
1122 3041 1145 3094 si
1165 3053 1336 3112 praesentes,
1355 3053 1384 3097 ut
1402 3042 1494 3108 decet,
1513 3043 1667 3114 admoneat,
1685 3047 1773 3104 abae·

955 3129 1042 3183 ternis
1061 3127 1189 3182 liberabit
1208 3125 1363 3197 suppliciis,
1384 3127 1451 3181 sicut
1469 3129 1526 3198 ille,
1545 3131 1591 3201 qui
1605 3133 1691 3187 sciens
1709 3149 1769 3208 pee-

953 3213 1038 3267 mittit
1056 3213 1167 3265 alterum
1186 3211 1321 3282 pejerare,
1342 3211 1505 3266 homicidam
1525 3216 1631 3272 sincere
1649 3219 1767 3284 dicitnr,

953 3315 976 3352 c.
991 3309 1013 3350 t.
1028 3315 1050 3350 e.
1065 3305 1109 3347 11.
1121 3315 1147 3366 q.
1162 3307 1186 3348 1.
1200 3295 1255 3347 Du.
1269 3295 1411 3350 brunnem.
1430 3299 1463 3353 ad
1484 3303 1615 3356 Wesenb.
1629 3304 1770 3363 11111111-

953 3383 1034 3455 rejur.
1053 3397 1078 3454 ρ.
1099 3390 1140 3435 11.
1159 3379 1325 3450 Quapropter
1343 3381 1367 3434 si
1386 3383 1565 3439 conscientiae
1585 3387 1769 3444 studererelit
1808 3403 1842 3467 54

953 3465 1052 3534 rejiciat
1067 3463 1178 3517 omnino
1195 3474 1389 3536 procuratorem
1416 3465 1444 3519 in
1472 3467 1617 3535 juramento
1634 3473 1768 3546 probatic-

951 3549 1095 3604 nitricem
1114 3549 1277 3614 sustinente,
1296 3557 1326 3602 nt
1344 3549 1373 3602 in
1390 3552 1572 3622 suppletorin,
1591 3559 1766 3626 purgatorio,
1790 3595 1796 3602 -

953 3635 1027 3689 Zoes.
1044 3631 1122 3701 odffi
1136 3632 1168 3685 ds
1185 3633 1304 3707 jnrq'nr.
1315 3649 1342 3686 n.
1360 3641 1402 3685 ts.
1421 3642 1448 3689 st
1463 3651 1498 3688 ne
1515 3635 1624 3708 quidem
1644 3639 1769 3698 admittat

951 3717 979 3771 in
997 3721 1147 3788 iurnmento
1164 3717 1325 3784 calumniae,
1344 3720 1419 3772 1111111.
1430 3720 1601 3790 principales.
1614 3741 1637 3777 c.
1651 3725 1684 3778 de
1693 3727 1768 3794 iure·

946 3803 1004 3874 iur.
1014 3817 1089 3871 prop.
1100 3801 1214 3857 column.
1229 3799 1313 3856 dauci.
1331 3811 1360 3855 ut
1379 3803 1432 3870 jam
1446 3806 1614 3860 constitutum
1634 3807 1663 3860 in
1684 3809 1766 3864 Saro-

950 3889 1012 3952 nls,
1029 3885 1154 3958 Carpeor.
1170 3905 1198 3954 p.
1230 3887 1441 3944 1.ε.11.11.11.
1467 3890 1557 3946 Slrnr.
1575 3911 1664 3949 exerc.
1687 3899 1765 3953 tt.ei.

952 3977 1038 4026 1111
1058 3971 1124 4024 citet
1142 3967 1174 4022 ad
1194 3986 1223 4023 ee
1239 3971 1279 4023 vel
1306 3971 1502 4044 principalem,
1528 3977 1574 4032 dn.
1599 3978 1714 4050 Ziegler.
1732 3983 1771 4034 nd

951 4051 1090 4110 tenacior.
1110 4053 1156 4108 tlt.
1176 4053 1261 4107 1.11’1.
1286 4053 1349 4126 1.5.
1373 4068 1412 4110 11.
1431 4060 1470 4113 rel
1489 4061 1636 4130 notarium,
1656 4065 1678 4119 si
1696 4069 1763 4134 jusu

948 4155 1023 4193 causa
1042 4139 1090 4193 boc
1108 4137 1225 4204 suadeat,
1244 4139 1272 4192 in
1291 4143 1348 4209 ejus
1365 4139 1442 4198 aedes
1459 4143 1492 4196 sd
1511 4147 1651 4214 jurandum
1678 4151 1767 4205 mittat

946 4241 996 4295 per
1014 4223 1031 4276 i.
1049 4235 1087 4276 11.
1089 4221 1130 4292 ff
1143 4223 1177 4276 de
1184 4223 1298 4297 jurejur.
1316 4223 1407 4296 ibique
1425 4227 1470 4280 dn.
1485 4227 1629 4283 Brnnnem.
1644 4231 1762 4286 Berlicb.

945 4327 974 4379 p·
991 4320 1013 4363 1.
1027 4325 1051 4361 c.
1066 4316 1108 4359 11.
1121 4325 1148 4359 n.
1165 4317 1205 4359 11.
1223 4307 1315 4360 Faber.
1333 4311 1364 4361 in
1377 4310 1436 4364 cod.
1455 4311 1502 4365 nt.
1524 4322 1548 4366 1.
1566 4315 1607 4365 eie.
1630 4327 1652 4368 ι.
1671 4316 1697 4368 at.
1720 4327 1761 4368 ιι.

947 4409 973 4443 ιι.
996 4402 1020 4458 1,
1038 4391 1098 4448 Nisi
1118 4390 1352 4460 iortsprocuratnr
1365 4395 1464 4465 pariter
1482 4396 1517 4450 sit
1534 4397 1655 4452 conscius
1666 4415 1757 4454 mosae
1799 4421 1836 4470 55

945 4493 1011 4546 qnae
1030 4475 1058 4528 in
1078 4474 1181 4544 jndicio
1197 4475 1365 4543 ventilanda,
1384 4487 1410 4531 et
1424 4479 1556 4550 intelliget
1573 4484 1628 4551 ejus
1646 4485 1758 4553 qualita-

947 4571 998 4614 tem
1017 4571 1041 4614 et
1058 4559 1205 4628 justitiam,
1225 4569 1289 4613 tuuc
1306 4559 1410 4614 admitti
1431 4573 1533 4632 potest,
1550 4575 1577 4618 ut
1595 4565 1624 4616 in
1642 4567 1760 4622 enimam

946 4645 1059 4715 jurantis
1075 4643 1104 4696 id
1122 4651 1253 4716 praestet,
1272 4657 1298 4696 e.
1318 4645 1436 4700 effide
1456 4646 1558 4716 samm.
1574 4651 1693 4705 column.
1713 4657 1763 4708 Vel

945 4729 1057 4800 potios,
1083 4729 1123 4782 uti
1141 4729 1170 4780 in
1190 4743 1291 4780 camera
1309 4729 1429 4798 {spirensi
1455 4731 1619 4800 observatur,
1638 4737 1667 4789 in
1685 4753 1760 4792 susm

945 4827 972 4870 ει
989 4811 1148 4885 principalis
1164 4811 1281 4866 enimam
1298 4815 1388 4881 juret,
1406 4814 1497 4870 ordio.
1513 4833 1610 4874 camer.
1623 4837 1653 4892 p.
1681 4831 1703 4874 1.
1721 4823 1762 4876 tit.

947 4907 1087 4954 11.ε111.

990 4981 1067 5055 Quod
1093 4999 1155 5036 vero
1180 4980 1276 5036 attinet
1297 4985 1475 5050 juramentum
1499 4982 1659 5042 derisorium
1672 5027 1681 5054 ,
1710 4989 1761 5046 boe
1817 5001 1837 5050 6

943 5083 1076 5136 nonquam
1094 5082 1145 5136 per
1162 5077 1356 5137 procuratorem
1376 5067 1578 5138 praestandum,
1598 5073 1617 5124 i.
1639 5083 1678 5125 tt.
1696 5075 1720 5143 ς.
1735 5087 1761 5134 ι

942 5146 1504 5217 1111111111.1.1.θῖᾰειιοε.ιιο1.
1525 5151 1761 5226 Berlicb.p.s.e.

943 5246 983 5289 se.
996 5234 1086 5307 ibique
1096 5251 1125 5287 ιι.
1139 5244 1164 5286 1.
1176 5241 1204 5286 et
1216 5243 1240 5283 1.
1252 5231 1378 5304 allegati,
1390 5229 1444 5285 nisi
1459 5232 1627 5290 adremarins
1643 5255 1758 5296 musen-

941 5317 1003 5380 rtar,
1020 5320 1094 5385 eujus
1112 5312 1302 5386 praejudicium
1322 5315 1367 5368 laic
1387 5313 1503 5369 maxime
1521 5319 1625 5386 agitur,
1649 5321 1712 5376 1.ι.
1735 5325 1758 5398 5

943 5399 1015 5472 ⁶.sp
1033 5401 1067 5454 de
1083 5397 1195 5470 ρἰινεῘιιν.
1213 5405 1240 5449 ei
1256 5395 1341 5468 Lfin.
1359 5399 1382 5467 5.
1403 5408 1427 5451 2.
1444 5399 1505 5453 eud·
1518 5397 1681 5472 Cerpzor.p.
1696 5419 1717 5460 1,
1733 5427 1757 5462 c.

943 5495 983 5537 tt.
1000 5485 1027 5538 11.
1043 5495 1084 5538 rs·
1101 5501 1141 5549 pr.
1162 5481 1346 5556 praestandum
1364 5483 1438 5536 enim
1458 5481 1525 5536 illud
1544 5493 1599 5550 111,
1620 5488 1662 5540 uti
1684 5489 1756 5547 dele.

69 5564 178 5618 Molles,
196 5565 239 5618 lib.
263 5574 286 5616 1.
305 5573 427 5617 remeare.
445 5579 468 5615 c.
487 5572 530 5614 111.
549 5580 575 5614 11.
597 5571 622 5614 1.
649 5563 708 5615 lmo
726 5573 753 5619 et
770 5563 805 5617 de
822 5581 884 5635 pnr-
938 5583 1000 5624 rena
1016 5567 1115 5632 soluit,
1134 5565 1152 5620 i.
1172 5563 1306 5639 151511.
1325 5565 1383 5620 rit.
1396 5565 1450 5618 Dn.
1465 5565 1609 5621 Brunnem.
1624 5572 1664 5624 nd
1674 5573 1690 5626 i.
1709 5587 1754 5632 te,

71 5651 172 5715 potorio
192 5661 217 5704 er
235 5649 395 5721 suppletorio
413 5647 483 5700 idem
501 5641 617 5699 silirmst
639 5646 761 5718 Crrpnoa.
778 5667 802 5715 p.
822 5660 842 5700 t.
861 5669 884 5704 e·
910 5669 914 5684 ·
938 5655 1115 5710 n.s.eladl.
1131 5649 1754 5729 sur.r.ff.de1·ure1'ur.ttnumsrttttntjn·
1795 5677 1827 5746 *7

77 5747 121 5788 11.
142 5737 170 5789 d.
189 5749 231 5794 ss.
249 5737 284 5792 ob
304 5736 447 5802 rationem,
464 5733 524 5804 quia
544 5733 612 5804 qnod
625 5735 685 5804 quis
698 5751 745 5805 per
758 5735 836 5788 alium
850 5733 884 5789 ia·
937 5751 1086 5794 rumentum
1105 5733 1264 5801 fidelitatis,
1283 5735 1350 5808 quod
1371 5751 1418 5807 per
1442 5737 1586 5808 subiectam
1614 5759 1752 5812 perunum
