4358 6292
405 316 472 386 ¹²47
865 376 867 384 .
936 307 1123 366 DISPUTAT·
1142 310 1225 366 XXV·
1244 307 1361 366 CAPUT
1380 311 1424 368 lX.
1914 314 1986 380 ιαμ

347 411 387 480 ti,
406 423 432 468 et
449 427 517 468 onos
535 425 624 466 eorum
648 405 853 480 appellationem
879 402 1051 474 interponat,
1076 419 1167 476 prose·
1218 407 1360 476 appellatio
1378 405 1411 460 eh
1429 423 1481 460 uuo
1502 405 1663 480 interposite
1681 408 1793 480 reliquis
1809 410 1910 482 prosit,
1930 429 1986 466 non
1999 411 2050 466 sie·

348 507 457 568 quatur,
478 497 665 562 victoriamque
686 492 789 545 tandem
804 491 830 544 in
843 488 959 542 secunda
977 487 1106 542 instantia
1119 486 1167 540 ob·
1217 488 1313 557 pendet
1327 489 1518 560 simpliciter'a
1537 509 1666 546 ooasoeosu
1685 494 1860 564 appellantia,
1878 493 1924 550 sed
1943 513 1959 548 a
1977 511 2047 565 pro-

349 581 447 647 tineat,
466 599 498 635 au
518 582 564 634 illa
583 571 1168 644 victoriareliquisnonappellantibuspro·
1219 573 1323 627 visione
1347 574 1429 642 legis,
1446 591 1525 643 qnam
1543 577 1659 645 prisetns
1685 596 1730 632 sna
1758 578 1951 648 protestatione
1970 578 2048 634 laeto

350 665 440 722 deriti
457 664 652 736 Vigilantibus,
672 679 726 716 non
745 659 940 714 dormientibus
955 658 1056 730 scripta
1069 657 1169 710 diceres
1221 657 1352 710 contraria
1376 659 1468 712 tollere
1487 660 1588 730 nequit.
1605 661 1679 716 idem
1699 681 1766 718 satae¹
1779 673 1867 728 essct,
1886 680 1916 716 ac
1935 663 1959 718 si
1976 664 2047 716 hae·
2086 678 2136 718 ιιι

347 753 419 819 jura,
438 750 457 802 l.
477 760 519 801 tt.
538 751 567 802 in
581 745 636 816 fin.
654 765 721 819 puae
738 744 766 798 in
777 744 879 814 fraud.
897 745 1024 799 creditor.
1045 759 1166 812 praeser-
1220 755 1261 792 res
1280 739 1393 808 diceret,
1413 741 1604 798 hereditatem
1620 745 1729 815 quidem
1746 746 1823 800 adire
1841 749 1915 814 voto,
1938 747 1983 802 sei
2005 749 2048 802 ie·
2157 739 2158 784 l

349 835 398 886 tisu
420 833 647 904 appellationum,
666 830 694 882 iu
713 828 809 902 quibus
831 827 916 882 satalia
934 828 1106 882 strictissime
1123 827 1168 881 oh·
1219 834 1275 894 quta
1291 823 1319 877 in
1338 834 1495 879 testamento
1514 827 1606 882 relicta
1624 839 1759 900 praestare
1777 831 1847 883 nolo.
1861 831 1935 900 Quin
1949 833 2047 900 potius

347 916 488 984 smvauda,
517 917 639 986 caditque
664 931 739 969 causa
765 931 827 978 sus,
852 912 898 983 qui
923 911 1097 984 appellaverit
1115 922 1171 981 post
1228 907 1295 960 banc
1309 907 1436 964 invidiam
1456 912 1480 964 ei
1500 911 1644 984 plurimum
1659 913 1886 984 noceteprobabo
1897 915 1965 970 ttam
1977 932 2046 970 con·

291 1006 295 1017 '
347 999 521 1067 decendium,
540 1015 605 1052 noo.
627 1009 667 1052 ss.
687 1017 709 1052 c.
731 1010 752 1050 ι.
774 997 850 1053 cuth.
868 997 956 1050 hodic.
969 1014 991 1048 c.
1005 995 1038 1050 de
1056 997 1171 1066 oppallu-
1226 1007 1282 1044 sors
1301 994 1436 1064 appellans
1455 995 1477 1048 ai
1497 997 1609 1064 vicerit,
1625 1008 1654 1052 et
1671 999 1719 1053 stit
1744 1013 1779 1052 ex
1796 1000 1852 1067 ejsas
1869 999 1981 1054 viatoria
2001 1001 2047 1054 laa-

349 1088 418 1140 tion.
434 1085 499 1137 licet
517 1081 661 1136 sententiae
680 1081 849 1150 iniquitatem
866 1080 930 1133 satir
944 1080 1057 1149 probare
1075 1081 1170 1150 possit,
1219 1093 1292 1131 crum
1312 1089 1453 1150 expetunt,
1473 1097 1601 1153 expensas
1621 1101 1758 1154 proneam
1782 1093 1904 1138 hnentut
1921 1085 2041 1146 mttere,

351 1169 370 1222 l.
390 1181 430 1222 tt.
440 1165 480 1238 ff.
490 1166 588 1238 firmil.
613 1165 725 1220 berciso·
750 1164 933 1218 Nihilominus
952 1163 981 1216 in
1006 1163 1170 1218 consortibus
1218 1161 1279 1232 quia
1298 1181 1463 1218 nommaanem
1489 1184 1592 1222 cansam
1618 1168 1691 1238 egit,
1714 1169 1892 1239 omnibusque
1916 1167 2043 1238 proluis,

351 1250 426 1304 aliud
447 1252 562 1320 placuit,
581 1249 627 1304 ubi
647 1247 790 1320 appellatio
808 1248 886 1302 unius
904 1247 977 1300 lucro
1000 1245 1069 1300 cedit
1092 1247 1170 1302 etiam
1221 1247 1276 1301 imo
1291 1249 1430 1302 mandasse
1443 1261 1743 1322 censenturutaqeret,
1763 1253 1826 1307 dum
1847 1262 1984 1306 tacuerant
1994 1253 2046 1318 ‚l-
2156 1283 2158 1314 ι

354 1352 407 1388 nun
426 1335 643 1404 appellantibus,
664 1345 761 1386 utnon
780 1343 878 1386 tantum
898 1330 1045 1384 sententiae
1068 1331 1169 1399 primae
1237 1333 1327 1404 tnfl.
1346 1334 1469 1388 mondot.
1487 1352 1550 1403 ergo
1569 1337 1640 1388 solus
1665 1336 1790 1390 damnosa
1814 1337 1872 1389 litis
1900 1335 1969 1390 lerre
1986 1353 2047 1390 ιιιιιι
2156 1335 2158 1414 l

354 1419 472 1472 esecutio
492 1428 587 1472 contra
607 1417 654 1470 bos
676 1413 737 1469 heri
755 1424 883 1484 nequeat,
902 1414 1002 1468 Bartol.
1021 1415 1049 1468 in
1066 1413 1083 1464 l.
1105 1433 1171 1483 quo·
1219 1414 1758 1490 dehet,l.st.§.fin.ffidenapot.geac
1779 1417 2045 1494 Quodsiergoap-
2085 1429 2124 1472 tas
2157 1415 2158 1452 ἶ

353 1503 410 1554 ties.
424 1519 444 1556 c.
458 1501 585 1572 sipiares
598 1519 655 1556 uno
667 1509 735 1552 sent.
754 1497 800 1552 sed
817 1508 842 1550 et
858 1513 891 1550 cx
909 1497 1017 1552 victoria
1033 1499 1169 1567 appellau-
1222 1497 1321 1568 pellaus
1334 1499 1422 1552 uoluit
1439 1499 1520 1552 simul
1539 1501 1649 1556 nomine
1667 1502 1829 1556 consortium
1841 1504 1986 1574 appellare,
2000 1523 2047 1557 aa·

349 1587 385 1638 tis
404 1586 513 1656 reliquis
532 1597 585 1638 tam
606 1584 696 1650 actio,
714 1601 792 1653 quam
812 1583 933 1653 exceptio
950 1582 1058 1650 judicati
1075 1591 1169 1651 patent,
1224 1581 1281 1634 rius
1302 1595 1375 1652 puto,
1394 1581 1435 1634 illi
1457 1593 1578 1654 sumptus
1596 1585 1625 1638 iu
1644 1585 1720 1638 litem
1740 1585 1822 1641 iactos
1838 1605 1888 1655 pro
1906 1597 1965 1640 rata
1983 1606 2046 1644 cae·
2156 1579 2158 1624 Ι

349 1669 370 1720 t
395 1665 957 1740 t.ett.o,siunose:cplnr.oppeduml.
974 1665 1109 1734 to.§.stn.
1126 1663 1169 1736 ff.
1225 1667 1290 1719 teris
1315 1685 1369 1722 non
1388 1685 1447 1723 esse
1466 1667 1663 1737 reiundendus,
1684 1687 1742 1740 urg.
1761 1671 1778 1724 l.
1798 1667 2048 1739 effodere-trs—
2156 1629 2158 1744 l

262 1743 307 1784 ¹¹⁷
350 1753 517 1823 droppellot.
540 1769 597 1820 cop.
623 1752 832 1806 unosententio·
856 1751 891 1804 Χ.
906 1751 938 1804 de
957 1750 1079 1822 appellnt.
1105 1749 1169 1802 lnn·
1219 1752 1329 1810 bellicen.
2156 1745 2158 1816 l

347 1835 430 1890 irene.
449 1839 479 1891 in
493 1855 550 1906 cop.
563 1835 694 1908 quonium
717 1845 823 1888 contro.
850 1853 879 1886 ιι.
914 1845 971 1888 tot.
988 1833 1021 1886 de
1044 1833 1168 1908 reppellat.
1262 1836 1373 1892 Causam
1394 1853 1454 1892 vero
1473 1838 1638 1894 individuam
1664 1841 1734 1912 quod
1763 1841 1915 1907 concernit,
1935 1841 1974 1894 ihi
1993 1861 2045 1912 ap·
2085 1851 2123 1891 ιιι
2156 1837 2158 1930 1

348 1919 407 1974 Non
428 1933 512 1976 tamen
531 1923 580 1976 hoc
605 1922 754 1994 promiscue
779 1918 919 1990 procedit,
950 1917 995 1970 sed
1021 1918 1168 1972 discrimen
1230 1922 1340 1992 pellatio
1357 1922 1436 1977 unius
1465 1939 1571 1994 semper
1596 1923 1705 1995 prodest
1731 1925 1861 1994 reliquis,
1885 1935 1941 1978 utut
1965 1941 2047 1994 snpra
2157 1951 2158 1986 1

352 2005 458 2076 aliquod
479 2007 626 2062 tenendum
645 2023 696 2077 pro
716 2003 815 2058 ratione
834 2000 1066 2057 caunadtctduae
1085 2012 1111 2054 et
1129 2003 1171 2054 in·
1223 2006 1293 2061 dicta
1314 2008 1445 2077 requisita
1463 2025 1517 2061 non
1537 2019 1712 2074 concurrant,
1730 2009 1775 2062 sed
1795 2007 1976 2062 hicomniset
1988 2010 2047 2061 suis

350 2091 477 2146 dividuae.
1223 2093 1289 2146 ratio
1308 2091 1433 2145 consistit
1450 2091 1479 2144 in
1500 2092 1552 2146 ista
1571 2091 1779 2158 individuitate,
1798 2109 1865 2163 quae
1880 2093 1949 2160 juris
1961 2093 2045 2146 dissi·

386 2176 513 2246 Quemvis
531 2175 605 2232 enim
625 2175 744 2230 doctores
762 2173 843 2227 etiam
864 2171 893 2224 in
913 2168 1030 2226 dividuis
1049 2169 1098 2226 hoe
1124 2169 1170 2226 he·
1219 2173 1399 2230 militudinem
1416 2191 1478 2228 non
1497 2174 1632 2240 admittit,
1648 2193 1705 2245 urg.
1723 2175 1740 2228 l.
1762 2174 1854 2243 soff.
1871 2176 1944 2248 quib.
1964 2178 2040 2230 nod.

351 2257 475 2314 nehcium
494 2260 659 2316 consortibus
677 2276 733 2312 non
751 2255 945 2328 appellantibus
958 2251 1111 2318 concedunt,
1123 2253 1168 2308 ad-
1217 2259 1386 2314 samosatis.
1400 2259 1512 2330 salycet.
1530 2259 1559 2314 in
1577 2260 1668 2312 Lt.c.
1680 2264 1707 2314 sa'
1718 2262 1915 2333 unmeaeplur.
1929 2263 2041 2314 Restm.
2080 2271 2121 2312 stt

351 2347 463 2400 mittunt
489 2356 577 2401 tamen
603 2345 652 2399 hoo
677 2361 731 2398 non
754 2344 858 2408 aliter,
880 2357 957 2410 qnam
989 2337 1013 2392 si
1031 2339 1169 2410 sequentia
1220 2343 1318 2398 Pistor.
1335 2346 1362 2398 d.
1381 2364 1426 2415 qn.
1450 2363 1478 2396 ιι.
1498 2354 1540 2398 to.
1558 2345 1623 2400 etsi
1643 2346 1707 2412 ulla,
1730 2363 1792 2400 sane
1809 2347 1849 2400 vei
1868 2345 2046 2400 maximessa·

354 2445 518 2488 concurrant.
536 2431 668 2502 requisita.
700 2432 721 2483 l·
753 2430 791 2482 Ut
814 2446 866 2482 uua
896 2426 978 2482 inerit
1007 2424 1169 2480 deiensionis
1218 2445 1266 2498 per
1284 2445 1311 2482 re
1329 2427 1466 2482 individua
1489 2427 1541 2482 lata
1564 2431 1698 2483 aenmntia
1720 2428 1832 2482 dicenda
1857 2440 1898 2483 est
1916 2428 2047 2482 iudiciui-

351 2535 439 2582 causa,
457 2533 512 2570 non
531 2515 634 2572 diversa
653 2515 681 2568 in
709 2513 837 2584 singulis,
869 2510 896 2566 d.
913 2513 932 2564 l.
954 2525 995 2566 tn.
1021 2509 1112 2583 §.fin
1135 2512 1169 2566 de
1218 2513 1296 2580 hilis,
1314 2531 1459 2584 quam-pro
1476 2522 1553 2585 perte
1582 2514 1686 2576 saleru,
1712 2531 1761 2584 pro
1778 2525 1936 2584 partenon,
1956 2514 2048 2568 abne·

350 2604 473 2674 oppellot.
493 2601 586 2672 Qualis
603 2599 742 2655 diversitas
761 2595 886 2662 occtsrrit,
904 2595 929 2650 si
947 2611 1014 2648 unns
1030 2591 1169 2662 fidejusso·
1227 2597 1289 2655 dum
1313 2608 1354 2650 est
1372 2615 1421 2668 per
1437 2598 1456 2651 l.
1476 2609 1519 2650 ιι,
1535 2595 1577 2666 ff.
1592 2596 1692 2667 famil.
1716 2598 1810 2652 laerois.
1832 2597 1878 2651 aed
1903 2599 1950 2654 hio
1967 2600 2050 2653 simtd

351 2703 409 2740 rum
429 2685 579 2740 excussioni
597 2681 812 2746 renunciaverit,
838 2681 905 2732 alter
929 2695 999 2744 non,
1019 2677 1065 2730 uhi
1091 2679 1169 2746 hujus
1217 2679 1374 2747 cavendum,
1389 2684 1523 2736 aestatim
1540 2703 1555 2738 a
1574 2701 1604 2737 ra
1623 2683 1735 2738 indivisa
1753 2681 1789 2736 sd
1808 2682 1973 2740 individuam
2002 2703 2046 2736 ar·

352 2771 495 2843 appellatio
513 2770 554 2823 illi
573 2769 723 2838 neutiquam
742 2765 863 2838 prodest,
885 2763 996 2833 Hering·
1017 2759 1169 2833 defidep'us·
1217 2768 1392 2835 gumenteriss
1406 2783 1467 2822 nam
1476 2769 1555 2822 molta
1569 2767 1853 2839 hacteuusspluribus
1864 2778 1978 2839 possemt
1990 2785 2041 2840 pro

355 2872 479 2923 concap.
494 2865 610 2922 supe.
625 2872 651 2904 n.
667 2863 707 2906 tt.
731 2848 826 2918 sttui,
846 2848 868 2900 si
887 2855 982 2900 neuter
1001 2845 1169 2900 renunciave-
1219 2849 1335 2906 indiviso
1355 2867 1473 2924 possessa
1491 2851 1590 2920 luisse,
1607 2869 1675 2922 quae
1697 2861 1785 2906 tamen
1810 2851 1948 2906 cosumode
1966 2851 2040 2904 reei-

354 2941 406 3006 rit,
426 2937 471 2991 dn.
491 2935 700 2990 Brund-odiit.
711 2952 734 2988 c.
747 2933 773 2986 si
785 2951 833 2985 ιιιι.
846 2950 882 2984 en
894 2931 994 3000 plurib.
1008 2948 1034 2984 ιι.
1047 2943 1071 2984 ι.
1086 2931 1121 2984 ll.
1132 2930 1171 2984 Ut
1219 2935 1298 3006 piunt
1314 2936 1482 2992 divisionem.
1503 2939 1563 3007 Qna
1588 2937 1690 2994 ratione
1713 2935 1808 2989 salsum
1826 2945 1891 3007 puto
1909 2945 2040 2990 assertum
2081 2940 2128 3007 ¹²⁸,

352 3041 405 3078 non
418 3024 581 3094 appellantes
594 3039 648 3076 nou
660 3017 861 3092 approbaverint
873 3016 989 3087 primam
1003 3015 1169 3084 sententiam,
1220 3021 1305 3076 liclia.
1331 3022 1361 3074 irs
1385 3039 1407 3076 c.
1431 3039 1494 3076 cnm
1511 3039 1595 3091 snper
1618 3025 1654 3074 Χ.
1675 3019 2045 3092 &rememorandis
2125 3014 2128 3021 λ

353 3121 379 3162 et
397 3107 511 3160 confessi
531 3105 648 3170 luerint,
669 3121 698 3156 se
715 3103 787 3157 nolle
805 3103 954 3174 appellare,
973 3100 1023 3154 hac
1042 3099 1116 3154 enim
1129 3117 1169 3154 ra·
1220 3106 1348 3170 dicentis,
1360 3106 1429 3176 quod
1445 3107 1468 3160 si
1481 3106 1580 3161 lundus
1600 3118 1640 3162 est
1658 3107 1823 3170 communis,
1839 3107 1950 3162 victoria
1964 3105 2046 3159 mim

352 3193 423 3246 tione
441 3192 574 3263 appellans
592 3205 646 3242 non
665 3199 752 3258 potest
771 3189 874 3256 negotia
892 3185 1039 3240 invitorum
1058 3199 1167 3252 gerere,
1220 3189 1326 3260 prostrat
1338 3190 1398 3242 aliis
1411 3191 1469 3258 jure
1488 3189 1695 3244 individuitatis.
1713 3187 1781 3243 liam
1799 3189 1884 3259 qualis
1901 3189 1947 3242 hio
1964 3190 2043 3242 datm
2157 3233 2158 3256 3

352 3273 436 3344 ifin·
456 3275 530 3328 mle
548 3270 886 3346 ne30²·6e5!·⁸ll⁰lqt¹⁰m
901 3267 1168 3338 e⁸b⁸¹¹¹¹¹sq¹¹l¹⁸¹¹·
1222 3271 1427 3328 individuitas?
1447 3273 1518 3343 Quid
1537 3273 1674 3338 obstaret,
1697 3275 1840 3342 quominus
1859 3271 1958 3326 fundus
1976 3275 2045 3326 divi·
2157 3319 2158 3330 .

355 3360 465 3412 tentiam
483 3359 600 3430 agnovit,
620 3367 726 3430 propter
745 3355 902 3408 sententiam
915 3352 1024 3405 alterius
1035 3353 1168 3416 obtinere,
1225 3357 1335 3415 deretur
1344 3395 1353 3425 ,
1372 3368 1399 3412 et
1417 3373 1478 3428 pars
1497 3357 1587 3412 sictori
1603 3358 1750 3428 appellanti
1764 3356 1967 3415 cosscederetur¹
1983 3358 2045 3411 reli.

354 3444 410 3496 stt.
422 3443 448 3496 si
459 3445 513 3514 qui.
530 3455 569 3496 to.
583 3438 668 3512 §flea
682 3439 771 3512 infin.
784 3440 857 3492 Hinc
876 3455 935 3491 cnm
954 3437 1005 3490 duo
1025 3445 1124 3490 tutores
1136 3435 1170 3489 ab
1220 3459 1301 3512 quum
1324 3457 1386 3494 sero
1406 3439 1475 3492 sicto
1494 3437 1523 3490 in
1543 3441 1628 3510 prima
1651 3440 1791 3504 instantia,
1815 3449 1842 3494 et
1859 3457 1945 3509 neque
1966 3443 2044 3492 tacite

351 3548 402 3594 eo,
421 3535 494 3600 cujus
517 3529 625 3582 tutelam
651 3535 802 3596 gesserant,
830 3523 939 3579 inissent
958 3522 1077 3576 conventi
1096 3532 1169 3592 atque
1223 3541 1308 3597 neque
1318 3540 1443 3594 expresse
1458 3522 1614 3594 appellanti,
1627 3521 1792 3577 aulerreturi
1806 3524 1858 3576 uisi
1872 3523 1905 3576 de
1916 3524 2042 3578 instantia

357 3615 461 3668 ratione
479 3613 640 3683 reliquorum
659 3609 846 3674 condemnati,
860 3617 989 3662 reservata
1004 3617 1089 3658 tamen
1104 3605 1170 3675 ipsis
1219 3610 1307 3683 prima
1326 3607 1385 3676 ejus
1404 3608 1566 3660 sententiam
1586 3607 1748 3661 intellectam
1768 3609 1842 3674 velis,
1860 3608 1913 3661 vid.
1928 3629 1957 3661 rs.
1971 3621 2013 3661 ιι.

359 3697 479 3751 sandrato
497 3696 641 3768 probandi,
660 3695 781 3749 debitum
802 3693 853 3748 boc
867 3693 933 3764 ipsis
946 3689 1087 3746 remissum
1100 3707 1168 3756 esse,
1256 3690 1373 3744 Tandem
1392 3707 1571 3762 quaecumque
1583 3707 1644 3761 pars
1662 3691 1691 3743 iu
1709 3692 1754 3746 lite
1767 3691 1931 3746 succubuerit
1945 3703 2042 3746 eteon-
2080 3711 2118 3751 ιιι

354 3791 381 3832 et
400 3797 467 3832 unns
485 3795 513 3832 se
530 3780 696 3851 probaturum
716 3777 894 3849 suscepisset,
912 3777 980 3828 alter
998 3791 1060 3830 aero
1077 3773 1169 3844 appel·
1220 3776 1346 3831 detonatn
1371 3776 1462 3842 inerit,
1482 3777 1535 3830 uisi
1555 3787 1649 3848 sponte
1665 3777 1780 3848 judicato
1799 3779 1862 3831 velit
1874 3781 2040 3844 satisfacere,

356 3865 453 3928 lasset,
469 3873 498 3916 et
516 3864 693 3926 obtinuisset,
712 3863 780 3916 hauc
797 3860 935 3916 victoriam
954 3859 1030 3914 alteri
1045 3877 1099 3912 non
1111 3875 1171 3928 pro·
1221 3861 1378 3917 decernitur
1388 3862 1518 3926 executio,
1534 3869 1560 3916 et
1574 3863 1601 3915 in
1616 3861 1681 3916 bona
1693 3881 1738 3917 sna
1752 3863 1810 3934 pati
1824 3874 1927 3918 tenetur
1941 3865 2044 3918 immis-

358 3950 453 4013 desse,
472 3965 626 4020 responsum
647 3949 728 4001 luisse
747 3944 831 4000 relect
850 3948 1019 4009 Buttmann,
1039 3944 1133 3998 Pistor.
1142 3963 1170 4015 p.
1228 3947 1341 4013 sionem,
1360 3965 1528 4016 eorumquea
1542 3945 1715 4000 creditoribus
1732 3947 1951 4012 distractionem,
1967 3950 1985 4000 l.
2001 3957 2041 4004 tt.

362 4049 384 4088 ι.
403 4055 448 4104 qa.
470 4045 509 4086 tt.
529 4051 556 4086 n.
578 4043 620 4084 ιι.
640 4033 689 4084 lll.
708 4033 745 4086 Ut
763 4028 858 4101 reliqui
878 4031 963 4084 sciant
980 4031 1050 4082 intra
1075 4027 1170 4082 decen·
1210 4029 1250 4102 ff
1264 4032 1298 4086 de
1311 4031 1433 4106 rejudic.
1448 4031 1500 4086 Sed
1512 4031 1614 4084 nechio
1626 4031 1813 4084 condemnatus
1825 4029 1950 4084 oblivisci
1965 4030 2041 4085 debet
2078 4045 2116 4096 ιιι

357 4119 477 4170 diurnsb
492 4115 952 4187 uuocoosorteappellationemcsse
975 4111 1171 4181 interpositam,
1222 4117 1353 4182 remedii,
1372 4135 1423 4188 quo
1443 4134 1489 4187 per
1507 4114 1587 4166 alium
1608 4115 1740 4167 molestias
1766 4115 1934 4168 executionis
1950 4125 1974 4169 et
1992 4115 2042 4168 im·

355 4221 414 4255 nam
434 4217 535 4273 exquo
561 4204 709 4266 sciverunt,
734 4217 815 4254 tanum
834 4198 983 4270 appellare,
1016 4208 1040 4250 et
1062 4197 1171 4252 interim
1221 4199 1370 4266 missionis,
1392 4201 1524 4270 multoque
1538 4199 1621 4268 magis
1634 4199 1815 4252 distractionis
1833 4200 1947 4264 esitare,
1967 4213 1991 4254 et
2011 4202 2038 4252 iu

357 4297 473 4350 monere,
493 4296 709 4355 praesumuntur,
727 4280 791 4334 freti
812 4279 992 4351 appellatione
1009 4278 1172 4342 alterius,et
1222 4282 1299 4336 bonis
1318 4283 1371 4336 suis
1390 4299 1524 4336 resusnere
1543 4283 1634 4353 possit.
1654 4282 1737 4335 Licita
1750 4284 1822 4336 enim
1837 4297 1875 4338 est
1887 4286 2041 4340 interventio
2077 4297 2114 4336 stt

355 4372 421 4438 juris
441 4369 571 4424 heueiicio
596 4369 648 4423 sibi
674 4367 737 4420 inde
761 4371 941 4436 competente,
966 4361 1100 4434 propriam
1127 4383 1171 4433 ap·
1223 4368 1297 4420 tertii
1306 4385 1382 4431 ,non
1396 4369 1480 4420 solum
1498 4367 1525 4419 in
1546 4366 1603 4420 litis
1621 4367 1743 4430 exordio,
1762 4368 1809 4421 aed
1827 4380 1855 4422 et
1873 4369 1901 4420 in
1915 4371 1972 4436 ejus
1985 4371 2040 4421 esi-

359 4453 527 4526 pollutionem
541 4449 733 4516 intermisisse,
745 4452 881 4504 Hartman.
895 4447 991 4501 Pistor.
1012 4445 1038 4497 d.
1052 4446 1070 4498 l.
1084 4463 1112 4498 ιι.
1127 4458 1169 4500 ιι.
1222 4461 1265 4516 tu,
1284 4461 1311 4504 et
1329 4462 1389 4521 post
1408 4469 1463 4504 rem
1481 4449 1638 4518 iudicatam,
1657 4461 1686 4503 nt
1708 4451 1890 4504 executionem
1911 4451 2040 4521 impediat

357 4539 386 4592 Si
407 4539 479 4592 euim
498 4537 548 4592 boc
565 4536 741 4598 nesciverint,
760 4543 787 4588 et
806 4542 892 4587 tameo
912 4531 1066 4584 decendium
1097 4546 1170 4601 prse-
1224 4533 1623 4606 proptersuuminteresae,1.
1651 4546 1691 4586 ts.
1717 4532 1741 4604 §-
1768 4543 1792 4585 ι.
1809 4535 1844 4587 de
1869 4549 1899 4586 re
1910 4533 1996 4604 judic.
2022 4536 2038 4585 l-

359 4623 452 4676 terlahi
473 4624 540 4694 passi
559 4620 672 4685 luerint,
683 4618 807 4674 videntur
827 4616 905 4670 tacita
918 4613 1086 4668 renunciasse
1098 4615 1172 4667 omni
1227 4629 1269 4671 ιι.
1281 4619 1313 4672 de
1326 4618 1367 4672 rei
1379 4618 1484 4672 vindic.
1497 4619 1591 4674 Vinius
1608 4617 1688 4674 decis.
1708 4628 1767 4670 tot.
1787 4635 1815 4670 n.
1833 4629 1856 4669 s.
1870 4618 1922 4670 Da.
1939 4619 2040 4670 Broou.

267 4703 268 4708 ’
356 4703 485 4767 beneficio
502 4706 701 4780 appellationis,
722 4704 930 4770 sententiamque
956 4699 1073 4771 priorem
1096 4700 1172 4753 tacite
1223 4702 1382 4770 deprocess.
1400 4701 1470 4753 civil.
1489 4717 1512 4753 e.
1534 4712 1574 4754 ts.
1594 4719 1620 4754 ιι.
1643 4713 1684 4752 ts.
1712 4702 1780 4753 Pete.
1803 4700 1907 4754 Frider.
1925 4703 1958 4754 de
1975 4719 2040 4756 coo·

356 4794 531 4865 approbasse,
552 4791 678 4860 stephan.
697 4787 815 4842 Gratias.
834 4782 1098 4853 indiscept.fhrens.
1113 4794 1173 4836 stt.
1223 4787 1273 4838 tin.
1292 4799 1361 4838 cous.
1380 4784 1399 4835 l.
1420 4799 1442 4837 s.
1461 4802 1482 4836 c.
1504 4795 1526 4836 t.
1546 4803 1573 4836 n.
1595 4793 1618 4836 t.
1636 4783 1706 4836 Gall
1732 4786 1750 4836 l.
1772 4795 1793 4836 t.
1818 4786 1877 4838 obe.
1902 4797 1943 4840 to.
1962 4803 1989 4836 ιι.
2012 4797 2035 4837 t.

362 4889 425 4928 nt.
444 4869 782 4934 lindecolniae-decis.
804 4878 862 4924 tto.
881 4867 977 4938 Carpe.
995 4887 1021 4938 p.
1047 4880 1109 4919 t.e.
1131 4876 1172 4922 to·
1223 4871 1306 4924 Modo
1324 4869 1372 4922 hoc
1391 4867 1521 4938 liquidnm
1540 4869 1593 4932 sit,
1618 4877 1647 4922 et
1669 4867 1708 4921 ita
1735 4879 1930 4938 comparatum,
1950 4881 1978 4922 nt
1998 4873 2039 4922 in·
2079 4897 2115 4936 „2

357 4956 410 5026 des.
427 4971 464 5012 tt.
479 4959 531 5010 Du.
552 4957 651 5012 Brunn.
672 4955 710 5011 od
731 4954 757 5006 d.
779 4953 797 5008 1.
815 4965 853 5008 to.
871 4953 905 5007 de
919 4952 1041 5022 appellat.
1059 4951 1173 5004 Trenta·
1224 4953 1369 5008 terrenieus
1387 4954 1428 5018 ius
1447 4951 1535 5021 potius
1555 4949 1646 5004 habeat
1663 4953 1721 5019 jure
1740 4952 1871 5018 petentis,
1890 4953 1960 5022 quod
1972 4971 2039 5006 sesm-

358 5040 445 5109 rinqu.
465 5037 729 5092 insit-deminor-
757 5037 836 5090 resol.
855 5048 879 5090 t.
894 5053 921 5088 n·
937 5049 960 5089 t.
973 5043 1045 5105 seqq.
1070 5033 1170 5087 liartm.
1222 5039 1306 5090 marie
1322 5037 1586 5110 probandum,blev.
1602 5055 1628 5103 p·
1649 5049 1673 5089 t.
1693 5035 1771 5088 decir-
1793 5049 1852 5089 sss.
1871 5055 1901 5090 n.
1929 5046 1953 5088 t.
1974 5037 2038 5092 inde
2073 5065 2110 5102 ιιι

358 5127 452 5178 Pistor.
470 5123 646 5194 d.qu.quin.
662 5120 825 5189 tt.insuper
846 5118 973 5190 requlrlls
994 5128 1022 5170 nt
1048 5115 1093 5168 llll
1112 5131 1171 5169 ¹⁸¹¹·
1221 5123 1350 5193 contigit,
1369 5139 1431 5176 cum
1453 5120 1643 5174 conductorise
1667 5119 1770 5173 aedium
1795 5120 1830 5172 oh
1854 5136 1898 5174 aes
1925 5122 2039 5174 alienum

356 5213 435 5266 tentia
460 5208 614 5266 sonorabilis
639 5206 668 5260 iu
694 5201 865 5276 appellatione
890 5220 943 5255 non
969 5199 1048 5255 luerit
1065 5200 1171 5254 obtenta
1221 5209 1289 5261 bon,
1310 5224 1372 5269 ιιιι,
1388 5219 1454 5275 quaa
1475 5220 1562 5258 ιιιιιιιι
1581 5202 1704 5266 habebas,
1729 5201 1827 5258 auferri
1847 5201 2040 5267 tanqum..

355 5317 403 5369 per
423 5295 586 5369 imperitiam
605 5293 645 5348 sel
664 5290 862 5361 corruptionem
881 5287 991 5356 judicis.
1220 5304 1292 5346 otum
1311 5292 1360 5344 hoe
1379 5291 1487 5344 locatori
1506 5283 1683 5358 significarit,
1710 5289 1754 5357 qui
1781 5303 1841 5340 cum
1858 5305 1902 5342 res
1923 5289 1982 5344 illas
2003 5295 2041 5343 io·

392 5383 441 5435 llis
461 5379 610 5451 requisitis,
628 5394 697 5447 quae
714 5375 743 5428 iu
762 5377 849 5444 prima
869 5371 996 5424 instantia
1016 5385 1070 5422 non
1089 5386 1169 5439 prae·
1220 5388 1300 5431 vectas
1312 5375 1472 5444 hypothecae
1492 5371 1602 5426 baberet
1620 5369 1727 5436 tacitae,
1747 5371 1891 5440 impediris
1904 5374 2040 5428 hancexe·

357 5469 413 5521 eise
425 5465 613 5534 requiruntur,
632 5459 684 5513 sid.
701 5477 730 5512 ιι.
752 5466 812 5512 tun.
826 5453 1052 5516 concurrentibus,
1065 5451 1171 5522 prodest
1220 5460 1369 5520 curionem,
1389 5466 1416 5510 at
1435 5455 1517 5520 lecit,
1535 5464 1567 5508 ut
1584 5454 1651 5508 hona
1669 5454 1723 5526 ipsi
1740 5454 1897 5510 conductori
1917 5460 2039 5512 mesenus

353 5549 464 5604 victoria
481 5545 640 5618 appellantis
659 5559 710 5595 non
728 5539 891 5611 appellanti,
909 5538 970 5592 licet
988 5536 1032 5590 ille
1042 5549 1169 5605 expresse
1220 5543 1431 5612 relinquerentur
1451 5535 1579 5593 moenaio
1597 5541 1733 5592 locatorio.
1816 5605 1821 5613 ⁸

357 5641 516 5703 protestatus
528 5630 618 5694 luerit,
634 5627 701 5696 quod
712 5627 871 5694 reliquorum
884 5622 1045 5676 consortium
1061 5622 1170 5672 nomine
1259 5625 1319 5678 Pari
1339 5624 1443 5678 ratione
1461 5637 1522 5676 cum
1541 5621 1650 5676 maritus
1673 5639 1734 5676 aare
1751 5623 1838 5676 alieno
1856 5641 1962 5694 pressus
1980 5628 2034 5696 pat·
2075 5641 2110 5684 ιιι

355 5715 489 5784 appellare
503 5714 584 5778 nolit,
599 5713 701 5764 Hnrtm.
717 5707 809 5762 Pistor.
828 5707 852 5759 d.
870 5707 887 5760 l.
906 5724 934 5758 ιι.
957 5715 995 5758 ιι.
1012 5705 1086 5775 Quod
1100 5704 1171 5758 euim
1224 5717 1299 5762 satur
1312 5727 1328 5762 a
1342 5706 1532 5772 creditoribus,
1551 5707 1580 5759 hi
1604 5705 1712 5778 quidem
1731 5707 1914 5762 executionem
1932 5706 1962 5760 in
1978 5709 2040 5761 huus
