4310 6294
204 271 270 328 1186
594 265 815 325 nuruum
838 263 1011 322 tarentus
1031 259 1307 318 constitututis
1325 274 1387 316 uro.
1713 259 1780 314 trib

143 380 283 426 ouantem
302 367 335 421 tle
353 363 410 420 lilio
436 373 539 420 tautum
557 363 691 436 pertinent
708 362 742 416 ad
767 363 868 415 luertsm
894 359 963 429 patri
1018 359 1112 411 lntoo.
1131 359 1248 412 Gabriel.
1268 356 1393 410 decoci.
1409 367 1469 410 nu.
1485 365 1526 408 ιι.
1541 357 1640 410 Verum
1655 353 1674 408 Ι.
1693 364 1769 420 ιι,ς.
1791 369 1830 410 te.

147 453 353 524 acquirendum,
373 467 420 504 nec
430 447 596 505 extendenda
614 446 648 500 ad
665 464 762 514 casum,
773 465 825 517 quo
837 455 912 514 pater
926 443 963 498 ri·
1004 439 1045 512 ff.
1064 442 1180 511 defiart.
1198 443 1226 494 in
1245 460 1296 512 qua
1321 458 1350 493 ee
1377 438 1488 493 landant
1511 437 1561 492 boc
1580 447 1742 508 asserentes,
1761 440 1828 492 illud
1871 455 1902 498 ee

148 537 242 591 oiesim
260 535 434 605 obligandus,
452 550 509 604 erg.
527 535 555 588 ti·
573 534 591 586 Ι.
613 543 652 586 tt.
671 534 692 598 5.
704 530 812 602 staff.
832 531 865 584 de
879 538 960 601 pact,
1015 528 1058 581 rix
1077 527 1181 591 ridetur
1200 526 1318 588 iulerrc,
1344 536 1370 577 et
1386 523 1539 576 communie
1562 522 1650 592 regula
1675 520 1764 592 potius
1790 533 1831 578 cst

180 620 321 675 Secundus
339 619 431 672 modus
450 618 561 688 abipso
580 616 742 686 imperatore
766 617 851 669 iustas
877 627 964 670 caute·
1016 613 1044 666 in
1062 611 1242 676 eontrarium,
1262 609 1409 672 nimirum,
1427 606 1497 679 quod
1515 605 1594 676 juder
1608 607 1636 658 in
1649 606 1762 676 negotiis
1774 607 1828 676 pri·

149 703 191 756 ιιι
210 701 328 756 traditur
345 697 368 771 5.
393 711 430 752 ιι.
451 701 476 754 Ι.
490 698 524 753 de
536 698 718 769 inutilstipul.
729 697 858 763 diceudo,
871 695 965 767 siquis
1014 698 1081 752 ratis
1100 697 1170 749 nihil
1189 695 1266 748 liciat
1275 731 1284 760 ,
1304 693 1357 748 uisi
1376 694 1539 764 imploratus.
1554 691 1638 746 blulto
1652 691 1741 744 minus
1751 691 1831 744 etiam
1872 709 1901 748 te

148 785 309 840 velitniteri
320 783 460 850 stabulari,
471 799 592 856 poenum
609 781 694 836 simul
711 780 836 846 stipulari
857 798 963 838 conue-
1014 800 1105 838 rerum
1124 780 1191 842 crite
1210 775 1313 847 quaudo
1334 775 1482 827 cotuntunie
1502 771 1556 824 lare
1573 771 1660 824 schola
1682 770 1753 824 idem
1772 773 1816 842 pri

150 869 204 932 nil,
217 881 247 922 ut
258 870 318 924 niss‘
327 869 479 938 elefantum
492 869 543 931 ss't,
555 875 585 922 ut
596 875 636 920 est
646 865 876 938 comprehensum,
890 883 964 919 cons·
1015 867 1138 938 vilegium
1156 862 1287 916 adscribit
1304 862 1405 916 notario
1412 898 1421 926 ,
1441 857 1495 913 riti.
1513 858 1645 912 Treutler.
1658 857 1716 910 col.
1727 873 1753 906 a.
1765 854 1829 925 disp

150 956 274 1007 assistatur
289 971 395 1023 poeseos
407 952 549 1022 stipulatio
569 948 651 1004 etiem
670 951 696 1005 ei
700 986 708 1015 ,
720 951 795 1022 eujus
808 950 931 1014 interese,
944 951 962 1001 Ι.
1017 963 1059 1004 ιι.
1076 953 1115 1004 tls.
1134 963 1158 1001 ι.
1176 949 1215 1002 ΙΙι.
1234 966 1257 1000 e.
1275 944 1344 998 Nasu
1365 943 1490 1016 specialis
1508 941 1649 994 admodum
1661 957 1735 996 casus
1749 941 1829 995 estin

150 1035 233 1104 ³⁸·ff·
259 1033 294 1089 de
321 1043 415 1106 recept.
428 1033 463 1086 Et
481 1034 551 1088 idem
570 1030 723 1098 affirmant,
741 1034 764 1086 si
783 1035 962 1101 jurameutum
1012 1035 1031 1088 Ι.
1054 1047 1095 1089 ιι.
1112 1035 1146 1088 tie
1169 1032 1263 1102 adopt.
1287 1042 1313 1084 et
1337 1030 1356 1081 t.
1372 1039 1396 1080 ι.
1411 1041 1434 1082 ι.
1450 1037 1471 1079 ι.
1474 1025 1515 1095 ff.
1528 1044 1584 1079 rent
1605 1025 1697 1096 pupili-
1714 1025 1785 1078 ratu.
1803 1035 1831 1078 ct

148 1122 184 1174 sit
202 1130 279 1190 pecto
295 1120 337 1174 rcl
355 1116 517 1190 stipulationi
536 1132 582 1186 per
596 1133 624 1170 ec
637 1115 727 1170 licitae
742 1117 883 1184 adjectum.
898 1119 964 1172 ture
1014 1120 1077 1172 hine
1089 1120 1121 1172 ad
1139 1115 1339 1188 consequentiae
1356 1131 1409 1166 uon
1430 1111 1586 1176 trahendus,
1604 1109 1756 1180 praesertim
1768 1125 1829 1162 curu

149 1205 221 1260 euim
241 1207 370 1260 muouico
388 1219 467 1257 omne
486 1205 681 1269 jurameutum,
710 1198 779 1270 quod
805 1216 859 1253 non
881 1202 965 1270 vergit
1012 1206 1065 1272 jam
1086 1217 1142 1258 turn
1164 1202 1230 1256 illud
1252 1196 1424 1254 brocardiccn
1442 1198 1478 1250 sit
1498 1194 1833 1267 receptiustuotariueni·

149 1291 179 1342 iu
198 1289 386 1344 detrimentum
399 1289 503 1340 animae
515 1284 644 1355 jurantis,
658 1283 834 1348 serrandum,
853 1301 876 1335 c.
896 1293 920 1336 ι.
933 1301 963 1336 x.
1014 1288 1053 1340 bil
1072 1288 1170 1355 relide,
1189 1305 1239 1357 qua
1259 1283 1400 1346 notarius,
1419 1277 1545 1344 conicit,
1563 1278 1617 1330 uisi
1637 1287 1756 1346 rogatas,
1770 1295 1830 1330 notu

149 1370 185 1426 dc
194 1373 317 1446 jurejur-
337 1372 416 1426 Zoes.
435 1369 473 1426 oti
491 1369 531 1424 sit.
549 1367 670 1422 deteri.
689 1365 770 1436 ohis'g.
795 1385 824 1420 n.
851 1379 893 1424 te.
918 1365 964 1420 Co·
1016 1382 1057 1424 ιι.
1074 1375 1104 1425 a'n
1114 1389 1155 1440 pr.
1168 1372 1212 1424 alu.
1234 1369 1380 1422 Bruuoem.
1398 1362 1430 1417 ed
1451 1362 1582 1419 Wesenb.
1595 1363 1636 1413 ut.
1648 1357 1737 1430 desid.
1750 1359 1827 1412 irastr.

151 1475 221 1511 rerr.
239 1459 278 1511 nd
287 1458 313 1510 d.
327 1475 386 1524 cop.
401 1467 424 1509 t.
434 1473 462 1526 p·
477 1463 500 1506 ²-
520 1449 542 1522 5
559 1463 582 1505 t.
595 1470 623 1504 tt·
640 1462 662 1504 ¹·
682 1450 734 1504 Ubi
753 1449 861 1520 quidem
879 1449 963 1517 <tuoni
1013 1474 1056 1526 pu.
1073 1468 1113 1509 ιι.
1126 1453 1273 1512 Seouudum
1292 1449 1451 1523 quodetiam
1467 1447 1613 1516 negativam
1634 1445 1827 1514 amplectuntur

149 1549 253 1610 motura
268 1538 450 1594 liberatoriutn
465 1554 509 1592 seu
523 1535 693 1590 liberalitatis
707 1535 750 1589 rix
764 1533 904 1603 quiequam
918 1532 965 1586 du·
1013 1540 1115 1594 Goedtt.
1129 1542 1163 1594 tte
1172 1549 1258 1594 cortes.
1268 1535 1358 1602 stipul.
1369 1534 1396 1588 ti.
1408 1531 1493 1586 conci.
1512 1543 1532 1582 t.
1546 1549 1574 1584 n.
1588 1540 1629 1581 ιι.
1641 1527 1831 1584 Wieecnbacls.

149 1626 189 1680 bii
217 1625 331 1688 residet,
357 1641 391 1678 ao
417 1641 493 1690 sero,
517 1622 550 1676 ed
573 1629 736 1676 contractum
762 1617 911 1690 dipleurum
930 1618 965 1674 sit
1012 1643 1041 1694 p,
1058 1624 1223 1680 pateat„
1242 1609 1827 1677 aa,Faehln.tib.e.eontrov.st.1.udwel.

147 1709 352 1781 porrigendum,
372 1707 493 1762 dubitare
510 1707 573 1762 licet
590 1705 718 1767 omuino,
734 1721 768 1757 an
786 1707 963 1772 juramentum
1014 1711 1053 1767 ,d
1064 1710 1126 1764 inst,
1137 1712 1206 1782 arip,
1221 1719 1262 1762 te.
1279 1707 1316 1760 eta.
1330 1717 1353 1756 e.
1366 1705 1406 1756 lit.
1424 1703 1452 1756 a.
1475 1703 1551 1756 zoes·
1570 1695 1649 1766 orlffi
1661 1697 1701 1751 tit.
1721 1700 1750 1752 d·
1761 1719 1789 1754 u·
1803 1717 1828 1750 o.

145 1795 212 1847 etleo
231 1794 409 1861 constringere
428 1791 512 1862 possit
537 1787 750 1860 promittentem,
775 1785 900 1854 quoniam
924 1795 964 1838 cel
1014 1811 1046 1848 a.
1064 1807 1106 1848 st.
1128 1795 1244 1864 indeque
1261 1795 1313 1861 jam
1332 1787 1418 1842 facilis
1436 1795 1476 1840 ιιι
1494 1783 1595 1837 decisio
1611 1781 1699 1846 illiue,
1717 1798 1751 1834 au
1779 1780 1825 1835 do·
1868 1833 1872 1842 ,

149 1876 285 1930 mummi
305 1877 392 1943 i¹¹fi⁸r
410 1872 478 1943 ΨΜ
497 1874 677 1942 i¹¹¹⁸⁰¹⁶¹¹¹¹¹¹¹¹
697 1877 818 1938 s“illul’'
843 1877 963 1920 mum
1014 1879 1149 1934 ustionem
1173 1877 1274 1931 absenti
1296 1875 1389 1929 lectam
1423 1869 1541 1926 notarius
1570 1866 1629 1920 sine
1652 1874 1742 1936 rogatu
1763 1880 1831 1918 acce

146 1965 238 2024 ”¹⁰¹2
257 1958 300 2011 ⁰¹¹5
315 1957 437 2022 mliii»
449 1957 469 2008 l·
482 1957 532 2010 ΙΨ·
544 1973 568 2009 ⁶·
578 1956 614 2010 ‘i‘
627 1973 684 2009 '¹⁰¹¹
701 1971 778 2008 mm·
787 1969 883 2022 dmm·
895 1951 965 2021 ΙΙΙῑΙῑὶῗ
1014 1971 1089 2033 plere
1107 1957 1208 2033 possit?
1226 1958 1308 2031 Quod¹
1318 1959 1378 2012 licet
1388 1952 1527 2009 aiitrment
1545 1949 1672 2022 plurimi,
1690 1967 1756 2019 quoe
1774 1949 1829 2003 rtt.

147 2050 301 2096 contrectas
319 2043 470 2096 claudicans
490 2041 578 2094 nulius
596 2051 649 2108 est,
677 2056 698 2094 ι.
719 2036 771 2092 Sed
791 2037 880 2094 seriae
902 2047 964 2104 eet,
1014 2061 1056 2114 ap,
1075 2043 1121 2096 tiu.
1139 2041 1244 2096 Bruttu.
1261 2038 1300 2092 nri
1314 2038 1333 2092 Ι.
1353 2053 1376 2094 ι.
1395 2055 1417 2090 c.
1437 2035 1470 2090 de
1488 2033 1582 2086 donat.
1607 2031 1728 2085 Tessaus·
1747 2031 1828 2085 decis.

144 2126 349 2196 promittentem
370 2127 420 2180 boc
437 2143 498 2180 castr
517 2125 602 2178 teneri
619 2124 653 2177 ad
666 2121 864 2194 expectendum,
878 2119 963 2174 donec
1017 2137 1059 2182 tc.
1077 2124 1175 2180 rectius
1195 2135 1285 2178 umen
1305 2122 1389 2192 quoad
1406 2121 1449 2191 jue
1467 2118 1595 2188 scriptum
1615 2134 1663 2188 per
1681 2125 1742 2170 aute
1760 2114 1831 2170 dicta

146 2209 256 2273 tetius,
277 2210 351 2278 cujus
369 2210 477 2264 nomine
495 2209 634 2266 coureutio
653 2207 736 2276 totta,
755 2207 795 2260 rel
814 2203 964 2275 probaverit
1014 2219 1132 2280 uegetas,
1148 2209 1223 2264 zoae
1242 2206 1320 2280 odffl
1331 2205 1372 2260 tit.
1385 2207 1419 2262 tie
1432 2205 1530 2261 unat·
1546 2221 1576 2264 ns
1590 2213 1630 2258 et.
1645 2199 1733 2256 sande
1743 2201 1789 2256 iii.
1804 2217 1829 2258 s.

144 2293 185 2346 tel
204 2292 411 2362 improbaverite
428 2292 580 2348 rtauttcaos
599 2293 671 2346 enim
690 2298 841 2344 contractus
865 2287 915 2342 boo
933 2289 962 2344 io
1017 2295 1058 2346 ta't.
1073 2304 1094 2345 t.
1107 2293 1192 2366 defin.
1208 2305 1232 2350 t.
1556 2345 1558 2352 Α

142 2389 201 2428 orest
220 2375 289 2428 nibil
309 2377 386 2446 plana
406 2374 584 2449 praesefert
606 2373 799 2446 turpitudinis,
823 2372 858 2426 ob
882 2389 963 2444 quam
1050 2374 1119 2429 lllutl
1144 2376 1221 2432 creto
1244 2375 1350 2434 facilius
1370 2375 1522 2445 obtinebis,
1546 2376 1571 2430 si
1593 2369 1733 2444 eunetis,
1759 2377 1829 2446 quod

144 2458 233 2512 uoltus
255 2457 428 2515 declarandus
450 2470 534 2526 esset,
559 2458 606 2514 eetl
631 2469 734 2512 tautum
759 2459 845 2512 nullos
869 2468 909 2512 cst
932 2455 962 2510 iu
1014 2473 1061 2528 per
1078 2459 1198 2530 quereris
1216 2461 1276 2516 siue
1294 2481 1351 2514 mec
1372 2461 1493 2517 mandato
1511 2459 1708 2532 possitacquiri
1728 2459 1828 2530 obliga-

145 2541 312 2598 commodum
332 2543 419 2614 ipsine
438 2543 625 2615 promissoriep
643 2541 773 2612 ejusmodi
785 2553 870 2598 autem
883 2539 962 2596 nulli-
1014 2539 1097 2596 tionis
1114 2543 1250 2610 liberatio,
1264 2543 1407 2599 dummodo
1419 2544 1464 2597 illc
1477 2562 1536 2598 ctam
1551 2561 1609 2597 meo
1621 2543 1751 2596 creditore
1762 2561 1828 2598 con·

142 2624 190 2679 tati
209 2623 282 2679 cirili
301 2625 401 2679 medela
419 2625 520 2680 recedit
539 2626 594 2693 inre
613 2642 704 2678 canon.
718 2627 963 2696 perjuramentum,
1013 2626 1134 2694 eruerit,
1153 2646 1186 2682 tte
1203 2637 1310 2702 petatur.
1332 2627 1458 2700 Quereris
1471 2629 1544 2681 enim
1556 2627 1631 2681 alteri
1650 2644 1697 2698 per
1715 2628 1827 2682 alterum

140 2723 240 2777 suoque
258 2706 339 2761 iarori
360 2717 387 2762 et
404 2709 542 2762 mmmodo
560 2709 715 2762 renunciare
731 2710 825 2780 cuique
837 2717 878 2764 eet
896 2709 964 2764 intc-
1013 2709 1137 2780 stipulari
1155 2729 1208 2765 ooo
1228 2713 1320 2775 liceat,
1340 2723 1367 2766 et
1385 2711 1492 2766 donstio
1511 2710 1611 2764 absenti
1634 2709 1700 2766 iacta
1718 2729 1771 2766 uon
1785 2733 1829 2767 re·

144 2808 229 2860 grum.
250 2791 351 2846 Pariter
370 2791 418 2846 boc
436 2791 674 2862 obtinet,quando
692 2790 834 2862 stipuletur
853 2809 963 2864 menam
1013 2792 1066 2846 leat
1085 2795 1146 2849 eine
1162 2794 1306 2862 donatarii,
1324 2808 1368 2851 eut
1384 2793 1463 2863 hujus
1489 2793 1642 2848 mandatarii
1669 2795 1828 2867 acceptatio·

145 2877 280 2932 addiderit
299 2879 348 2932 boc
367 2877 697 2944 modo,si1tleriieedee
717 2895 769 2934 nou
789 2879 898 2948 emeris,
918 2875 964 2932 ‹ts-
1013 2895 1062 2946 ae,
1081 2879 1100 2934 Ι.
1123 2878 1213 2949 tuff-
1229 2879 1262 2934 de
1280 2877 1375 2934 dotant.
1398 2879 1487 2950 ila'puc
1505 2877 1550 2932 dd.
1571 2879 1676 2932 ltrrtm.
1697 2880 1763 2932 Pist.
1781 2879 1829 2934 tte,
1896 2901 1900 2910 ·

139 2961 217 3017 bisne
235 2963 301 3016 milti
321 2959 445 3017 centum?
1018 2973 1039 3014 t.
1059 2983 1103 3035 pu.
1126 2975 1165 3016 ιι.
1186 2963 1310 3016 Attamen
1327 2962 1377 3016 boc
1397 2964 1482 3018 soluta
1503 2959 1717 3027 restringendum
1737 2961 1830 3016 estad

176 3047 254 3116 Quod
274 3049 297 3100 ei
316 3047 378 3102 haec
397 3065 494 3118 poenee
511 3057 557 3102 aut
572 3045 712 3117 iuramenti
730 3045 844 3116 adjectio
857 3045 964 3114 emisse,
1013 3044 1202 3118 obligationem
1223 3045 1456 3110 introducendam,
1476 3061 1549 3098 secus
1566 3045 1650 3114 quoad
1670 3045 1829 3100 tollendam.

138 3128 315 3186 nihilomiuus
333 3134 413 3187 tertio
431 3129 525 3186 efficax
542 3131 707 3186 contrabitur
724 3132 870 3201 obligatio,
884 3132 908 3186 ei
920 3137 965 3192 sti·
1015 3131 1083 3199 Quia
1101 3134 1157 3200 jura
1172 3131 1230 3203 pius
1245 3129 1331 3186 serent
1348 3129 1568 3196 liberationibus,
1586 3147 1665 3200 quam
1683 3129 1826 3201 obligatio-

138 3217 230 3284 pmlaus
250 3234 297 3286 pro
311 3218 389 3272 tertio
402 3218 527 3273 interesse
545 3234 622 3270 suum
635 3230 791 3268 concurrens
807 3215 965 3285 probarerit,
1014 3215 1110 3281 uibus,
1129 3217 1147 3270 Ι.
1160 3215 1310 3270 Arrianus.
1326 3227 1367 3269 ιι.
1372 3213 1414 3286 ff
1425 3217 1458 3270 de
1470 3215 1526 3270 obi·
1538 3225 1563 3268 ct
1588 3223 1643 3266 oct.
1667 3214 1762 3287 ibique.
1783 3215 1828 3268 dal.

137 3305 157 3362 ς.
180 3310 219 3352 ιι.
236 3302 260 3353 Ι.
279 3298 312 3354 de
329 3299 418 3354 inurit.
434 3301 525 3372 stt'pul.
542 3301 561 3353 Ι.
581 3313 625 3354 ιι.
642 3299 665 3370 5.
688 3311 731 3354 ιιι.
751 3299 783 3354 rie
795 3303 870 3376 cerb7
884 3303 964 3374 oblig.
1014 3312 1043 3356 et
1060 3299 1165 3356 lucilius
1182 3302 1247 3356 ‹laut
1262 3303 1461 3374 exceptionem,
1480 3321 1558 3374 quam
1571 3301 1716 3366 actionem,
1735 3320 1793 3373 urg.
1806 3303 1826 3354 Ι.

140 3386 174 3437 tt
193 3383 231 3436 ita
250 3383 319 3438 lorte
336 3385 446 3456 quisquc
464 3387 596 3456 paciscens
614 3383 726 3450 diceret,
745 3403 791 3438 soa
819 3386 964 3454 interesse,
1021 3385 1094 3455 ιβ.
1117 3384 1539 3460 desupetfic·1.icitumqueeet
1562 3388 1670 3440 alterius
1694 3387 1822 3440 conditio·

139 3482 167 3526 ut
186 3473 265 3526 tertio
281 3481 436 3526 conventum
455 3483 611 3543 praestetur,
623 3473 699 3543 quale
714 3489 774 3542 ergo
787 3473 833 3526 hic
851 3474 964 3531 interes·
1016 3489 1075 3524 nem
1096 3472 1239 3542 ignorantie
1258 3481 1284 3525 et
1303 3471 1382 3525 inriti
1402 3472 1538 3526 meliorem
1558 3471 1678 3534 redderee
1702 3471 1719 3524 Ι.
1740 3469 1827 3542 reff-

142 3572 169 3608 ee
194 3551 416 3627 intelligendum?
442 3557 511 3610 Saue
536 3573 589 3610 nou
617 3566 771 3620 extraneum
797 3566 825 3609 et
842 3557 912 3628 quod
931 3575 962 3612 cs
1014 3557 1119 3626 deneg.
1143 3555 1323 3628 pert.l.tt.1.
1339 3552 1426 3622 suff.
1436 3555 1564 3608 desolat.
1588 3553 1624 3607 Et
1642 3553 1704 3608 binc
1721 3570 1826 3608 consen-

143 3654 217 3696 ottuea
234 3641 317 3694 nimie
336 3651 433 3696 remota
452 3641 567 3711 petitur,
587 3638 633 3694 sed
652 3640 720 3710 quod
739 3655 772 3694 er
798 3639 856 3712 ipss
884 3657 913 3694 re
930 3642 960 3696 in
1017 3640 1089 3694 tiuut
1106 3639 1151 3694 dd.
1168 3639 1236 3710 quod
1257 3647 1329 3711 praua
1348 3639 1501 3694 liberatoris
1520 3641 1635 3704 volunt,
1656 3640 1827 3694 licctatrscns

143 3725 341 3798 stipulationem
359 3723 466 3778 deducte
484 3726 524 3778 rel
542 3741 574 3778 er
595 3723 652 3795 ipso
670 3732 805 3778 contractu
830 3725 963 3795 interest,
1017 3723 1053 3776 eit
1072 3723 1139 3788 illc,
1157 3727 1203 3795 qui
1222 3734 1262 3778 eet
1279 3722 1454 3790 liberandus,
1473 3723 1519 3776 alal.
1536 3725 1565 3776 ita
1585 3723 1603 3774 Ι.
1625 3734 1664 3777 ιο.
1682 3741 1724 3791 pr.
1740 3723 1827 3794 spate

139 3809 241 3863 Bartol.
259 3818 288 3862 et
305 3807 381 3862 Bald.
398 3808 437 3861 od
445 3809 465 3859 Ι.
480 3819 523 3860 ιι.
523 3807 566 3876 ff.
579 3809 610 3861 de
621 3819 695 3879 pact.
700 3809 798 3880 jeron.
816 3812 853 3864 od
876 3809 895 3860 Ι.
921 3821 965 3864 ιι.
1012 3819 1082 3882 pact·
1102 3811 1180 3864 Wes.
1197 3805 1494 3877 ndfftit·depoct.n.
1509 3817 1533 3859 t.
1551 3804 1644 3876 infin.
1667 3807 1719 3860 Du
1738 3807 1825 3861 Brutt-

140 3887 163 3963 5.
180 3889 245 3960 nst.
256 3890 348 3963 Neque
366 3889 483 3958 suffieit,
500 3904 527 3946 ut
543 3909 578 3944 ex
596 3901 656 3961 poet
673 3891 738 3946 iacto
764 3894 894 3947 interesse
912 3895 957 3946 itt·
1013 3913 1084 3948 uem.
1097 3893 1125 3946 in
1139 3904 1240 3966 quaest.
1253 3889 1292 3946 od
1301 3892 1389 3948 eumd.
1399 3912 1444 3964 pu.
1461 3901 1502 3944 ιι.
1513 3901 1539 3945 ιι
1553 3900 1595 3944 ιι.

140 3974 236 4045 dpial,
254 3976 299 4028 scal
319 3973 473 4046 requiritur,
493 3985 523 4028 ut
539 3987 655 4046 tempore
672 3975 850 4046 stipulationis
875 3979 955 4031 alteri
1049 3977 1119 4032 Tuto
1136 3977 1215 4031 etiam
1235 3977 1306 4030 iuter
1324 3975 1402 4030 boere
1419 3973 1510 4029 modos
1529 3975 1644 4030 refertur
1656 3999 1664 4044 ς
1677 3978 1698 4030 ei
1713 3975 1772 4046 quis
1785 3976 1823 4026 al·
1865 3985 1872 4004 ’·
1893 4009 1894 4012 =

139 4057 226 4112 iactae
238 4058 389 4129 stipulantis
404 4059 530 4112 interesse
543 4059 670 4130 incipiat,
684 4059 745 4128 quia
758 4059 865 4115 initium
880 4073 962 4128 aetus,
1012 4061 1094 4118 terius
1112 4063 1217 4132 negotia
1236 4073 1307 4131 perat
1325 4062 1353 4113 in
1371 4059 1484 4130 judicio,
1504 4071 1530 4114 et
1547 4080 1649 4114 cauum
1669 4061 1826 4120 obtinuerit,

143 4153 173 4197 ul
190 4141 235 4197 bie
253 4143 323 4198 sires
342 4143 468 4212 accipiat,
487 4154 528 4196 eet
546 4140 755 4212 inspiciendum,
773 4142 792 4194 Ι.
817 4154 858 4195 ts.
877 4143 911 4198 dc
934 4163 963 4197 v.
1012 4149 1080 4219 quod
1099 4147 1185 4220 prosit
1203 4147 1266 4200 baec
1284 4147 1341 4216 ipse
1359 4145 1467 4200 victorie
1486 4145 1596 4200 domino
1614 4155 1704 4218 postea
1728 4140 1824 4196 talibas

140 4243 165 4278 c.
183 4225 203 4278 Ι.
223 4235 248 4276 ι.
262 4242 307 4296 pr.
318 4224 441 4280 mandut-
459 4225 479 4278 Ι,
500 4239 523 4277 ι.
541 4227 565 4292 5.
587 4239 628 4280 ts.
644 4227 736 4296 depos.
754 4225 771 4278 Ι.
792 4236 838 4282 ιι.
855 4225 889 4281 de
909 4245 931 4280 r.
944 4226 963 4282 i.
1012 4231 1099 4297 bend,
1118 4233 1149 4285 tie
1167 4250 1218 4303 quo
1236 4230 1357 4302 pluribus
1374 4247 1431 4298 supr
1452 4243 1476 4284 ι.

141 4307 202 4362 adal.
222 4308 298 4362 zoes.
318 4308 357 4362 od
371 4310 399 4362 ai.
417 4307 449 4362 ιιι
474 4310 508 4362 de
526 4309 596 4362 verb.
620 4307 701 4377 odlt'g.
719 4327 748 4362 n.
767 4319 810 4362 rt.
837 4310 902 4364 tote
920 4331 961 4366 re·
1048 4313 1155 4369 Dedote
1168 4316 1206 4368 uti
1220 4315 1302 4367 malle
1314 4313 1456 4384 singularia
1471 4322 1531 4367 sunt
1544 4313 1684 4384 permissa,
1698 4315 1822 4369 itectiarn

137 4393 189 4458 let,
207 4392 230 4447 ei
248 4391 373 4449 creditori
393 4409 450 4446 meo
469 4391 580 4462 stipuler
598 4402 721 4459 centum,
740 4410 804 4464 quse
823 4391 913 4448 debeo·
930 4395 960 4448 Si
1010 4400 1078 4454 eitra
1097 4399 1213 4452 eamdem
1230 4397 1367 4470 stipulatio
1380 4397 1454 4451 alteri
1469 4396 1538 4452 lacta
1555 4399 1727 4469 approbatur,
1742 4401 1759 4451 Ι.
1770 4402 1823 4452 Gt»

140 4488 211 4532 tutor
227 4478 324 4532 tutelae
343 4476 599 4532 administrationem
624 4481 757 4531 coutntoti
783 4479 862 4532 aliive
889 4497 958 4534 cons·
1002 4484 1053 4555 jus
1063 4481 1146 4554 Scires.
1160 4493 1207 4538 te·
1221 4483 1310 4554 ibique
1324 4479 1413 4552 alti-ff.
1428 4481 1713 4538 solut.tnntr.Norell
1730 4483 1822 4544 dedo·

140 4561 262 4628 miserit,
282 4563 385 4634 pupillo
410 4561 614 4616 indemnitatem
642 4561 783 4632 stipulatus
810 4560 904 4628 luerit,
927 4560 961 4617 i'tl
1008 4577 1042 4620 te.
1053 4587 1079 4634 p.
1095 4565 1219 4635 e.priut'1.
1235 4577 1341 4638 resep.
1354 4567 1447 4620 liciat.
1466 4583 1532 4634 resp.
1554 4577 1615 4620 ees.
1635 4585 1663 4618 n.
1692 4577 1716 4618 ι.
1742 4567 1827 4622 nott.

145 4650 216 4702 enim
237 4649 437 4702 administratio
454 4649 578 4718 periculo
596 4647 682 4718 ipsius
701 4657 726 4700 ct
745 4649 857 4714 tutoris,
886 4648 913 4701 d.
937 4651 960 4712 S.
1007 4651 1119 4720 nepaes.
1131 4650 1216 4703 dolel.
1228 4668 1256 4719 p.
1273 4660 1296 4702 ι.
1310 4667 1338 4700 n.
1359 4662 1400 4701 ss.
1419 4649 1535 4704 Plurimi·
1552 4647 1661 4720 quidem
1678 4649 1745 4704 bano
1763 4669 1819 4704 sen·

143 4745 183 4788 tc.
204 4733 222 4784 Ι.
239 4750 262 4783 ι.
281 4733 300 4784 Ι.
321 4741 345 4782 ι.
358 4730 449 4801 infin.
462 4730 481 4783 Ι.
496 4743 520 4784 ι.
533 4749 556 4783 c.
570 4731 602 4784 de
614 4731 695 4790 divid.
709 4732 783 4786 tutet.
801 4731 915 4788 Bachor.
929 4735 958 4786 in
1008 4733 1114 4785 tentiam
1134 4733 1307 4803 impugnent,
1318 4745 1344 4786 et
1357 4733 1536 4802 singularitati
1555 4732 1616 4788 buic
1630 4733 1823 4806 indulgendum

142 4816 243 4872 rreut.
261 4813 499 4885 eol.².disp.s‘.
516 4815 558 4867 ti.
581 4826 604 4868 ι.
623 4816 699 4870 lat-e.
723 4815 821 4870 buton.
839 4818 958 4873 Gabriel.
1009 4816 1237 4885 nolunt,elleputi
1256 4837 1270 4869 e
1288 4815 1401 4870 Gobriel
1428 4817 1454 4870 d.
1479 4817 1498 4868 Ι.
1526 4829 1549 4870 ι.
1574 4817 1660 4870 cetui.
1690 4829 1711 4872 ι.
1730 4838 1758 4871 n.
1778 4825 1820 4874 ι’.

137 4903 155 4954 Ι.
176 4914 199 4955 ι.
218 4900 435 4968 eommunopin.
457 4899 542 4952 tibrie
562 4899 639 4952 verit.
665 4898 746 4969 oliig.
773 4901 859 4953 conci.
888 4912 908 4954 t.
928 4921 957 4956 n.
1006 4918 1083 4972 quem
1103 4903 1131 4952 in
1152 4895 1233 4952 finem
1251 4899 1383 4954 adducunt
1401 4901 1419 4954 Ι.
1441 4911 1483 4955 ιι.
1501 4919 1524 4954 e.
1538 4899 1570 4956 de
1578 4901 1638 4975 p'ur.
1651 4900 1706 4954 dos.
1719 4903 1738 4953 Ι.
1754 4913 1780 4954 ι.
1795 4923 1817 4957 ι.

141 4995 198 5040 ιιι.
217 4984 369 5056 recitem,
387 4982 413 5036 si
430 4979 570 5051 fidejussor
588 4983 849 5054 proreoprineipeli
865 4995 956 5054 pactus
1007 4983 1038 5037 tie
1053 4993 1216 5054 poterone.
1236 4983 1289 5037 Sed
1308 4981 1395 5038 laoilis
1419 4995 1458 5039 est
1478 4982 1510 5038 ad
1534 4987 1639 5040 caedens
1664 4987 1817 5058 responsio,

137 5069 227 5123 luerit.
247 5069 298 5124 Sed
317 5068 381 5121 hacc
398 5067 518 5137 exemplu
532 5077 692 5118 concernunt
706 5067 821 5120 maxime
840 5079 911 5138 pecta
924 5069 957 5120 li·
1007 5088 1061 5124 uon
1078 5069 1185 5140 quidem
1204 5067 1253 5140 ber
1272 5068 1387 5124 subtiles
1402 5071 1581 5126 correctiones
1596 5073 1624 5126 (Ι.
1641 5073 1659 5124 Ι.
1686 5083 1724 5124 ιι.
1748 5074 1816 5143 qual

138 5154 235 5209 berelia
260 5162 288 5208 ct
312 5153 474 5208 liberatoris.
500 5153 572 5218 Quid
595 5151 628 5204 dc
659 5153 774 5221 urgebis
801 5153 865 5206 binc
894 5153 957 5206 inde
1005 5155 1071 5208 lecit
1090 5155 1185 5207 Aulon.
1206 5153 1298 5206 Faber.
1317 5153 1816 5228 lib.ts.oonjcct.cup.s.eedpotius
1872 5203 1886 5238 φ

139 5233 350 5308 stringentibus?
369 5235 429 5290 Nou
449 5237 586 5300 ridemus,
611 5253 657 5290 ctas
674 5254 728 5290 non
747 5236 818 5294 idern
840 5238 876 5292 sit
901 5247 954 5291 ste·
1006 5235 1132 5300 timendo,
1151 5235 1219 5305 qnod
1239 5253 1291 5292 uon
1310 5238 1416 5304 qnaeris
1434 5237 1574 5309 stipulatio
1589 5237 1664 5294 alteri
1683 5239 1765 5304 bete,
1785 5240 1815 5294 in
1855 5203 1866 5240 ³

138 5326 264 5380 tuendum
278 5323 504 5394 juntu.n.ts.et
520 5323 699 5394 eutrapetus
1004 5339 1052 5390 opu
1070 5318 1138 5374 dctis
1157 5319 1258 5374 mentio
1288 5319 1420 5390 injicitur,
1448 5323 1537 5376 statim
1564 5324 1703 5388 subsistat,
1728 5341 1819 5379 rerum

173 5405 319 5461 Licentinm
340 5423 387 5476 pro
405 5404 490 5459 altero
503 5405 655 5474 paciscendi
672 5405 794 5460 tribuunt
811 5407 892 5462 etiam
910 5411 952 5477 ju-
1005 5415 1066 5458 tunc
1084 5403 1204 5468 demum,
1224 5402 1247 5454 si
1266 5403 1404 5474 stipulatio
1424 5408 1474 5460 iste
1492 5405 1642 5478 concipitur
1659 5411 1705 5462 sel
1717 5409 1749 5460 ad
1768 5410 1814 5463 tlo-

137 5493 205 5558 tlici,
227 5491 328 5564 Specul.
347 5489 377 5542 in
394 5487 432 5542 tit.
451 5488 484 5541 tie
505 5491 593 5557 priano
620 5489 784 5546 serenando
810 5493 907 5546 decret.
929 5487 952 5563 5.
1005 5497 1057 5540 tem
1077 5487 1153 5540 tertio
1169 5485 1271 5540 ebsemi
1291 5488 1516 5554 constituendam,
1533 5491 1574 5544 sel
1593 5493 1712 5546 eamdem
1735 5496 1816 5546 uxori

135 5577 192 5646 inm
214 5577 247 5629 de
265 5572 374 5644 effectu.
398 5571 481 5626 lhbss
499 5575 529 5624 in
546 5590 605 5643 cup.
620 5574 776 5642 pastoralis.
790 5582 812 5640 ς.
833 5589 855 5628 ι.
874 5577 908 5628 Χ.
920 5578 953 5631 rte
976 5617 980 5631 .
1002 5571 1221 5636 conservandam,
1241 5571 1273 5623 ed
1293 5571 1340 5625 hos
1358 5574 1430 5626 euim
1450 5576 1590 5640 conterati
1604 5578 1739 5648 potissima
1754 5579 1809 5649 pri·

137 5659 186 5730 off.
198 5657 289 5714 ordin.
303 5657 378 5711 Beld.
389 5657 443 5712 tut.
456 5668 476 5710 ι.
486 5674 506 5710 c.
518 5673 571 5724 pet·
581 5674 646 5727 quos
656 5673 762 5728 person.
775 5661 837 5714 nob.
850 5659 953 5730 ιιᾳιιίι.
976 5636 980 5688 i
1004 5659 1097 5728 rilsgie
1115 5657 1181 5714 detis
1199 5655 1348 5726 collimant,
1368 5657 1403 5710 itr
1424 5671 1445 5710 et
1466 5659 1535 5726 boe,
1548 5660 1616 5731 quod
1635 5663 1686 5730 juni
1701 5661 1815 5730 dictans,
