4476 6274
367 185 417 238 sss
920 171 1109 232 ntsrurtr.
1127 175 1201 232 xnt.
1220 175 1336 232 ctour
1356 177 1391 232 n.
1483 133 1486 136 ¹
1539 167 1545 176 '
1894 167 1946 224 est

313 280 406 334 habuit
425 281 454 333 in
472 275 556 333 nobili
576 257 632 331 ciro
650 257 780 346 plebeium
801 271 853 326 sibi
875 271 1043 327 ruetrimouio
1068 273 1128 338 jun·
1183 271 1308 325 Junclter
1328 273 1392 326 Otto
1420 287 1472 324 uon
1499 263 1714 329 Dennenrarclt,
1733 269 1845 316 testetur
1865 261 2000 333 Spargen-

309 374 394 430 pecte,
413 366 488 433 cujus
504 362 587 417 liberi
605 359 758 415 nobilitatis
777 357 922 429 participes
941 373 994 411 non
1014 353 1126 420 liabent,
1182 355 1257 426 berg.
1275 356 1303 409 in
1321 357 1422 409 Cliton·
1434 353 1607 422 Hennederg-
1620 351 1640 402 l.
1658 361 1716 401 t.e.
1735 360 1760 400 1.
1774 347 1825 399 Du.
1841 346 1912 399 Eric.
1924 349 2001 400 Mre-

310 462 360 500 uec
377 447 559 510 succedebant,
573 445 618 500 sed
630 453 700 499 certe
712 443 837 515 portione
849 443 877 495 in
892 443 981 513 pectis
995 441 1128 510 resignate
1182 445 1260 495 citius
1277 443 1344 508 disp.
1358 441 1392 494 de
1404 440 1487 493 nobil.
1500 438 1538 490 st.
1552 454 1576 495 e.
1594 433 1704 487 Nobiles
1721 449 1782 486 cero
1799 431 1829 484 in
1848 430 1939 502 specie
1963 429 2003 482 lta

241 555 271 596 μ
311 532 430 585 connati
449 548 507 586 esse
526 529 668 593 debebeutr
687 547 720 582 en
739 547 794 598 erg.
814 527 890 582 vidue
911 527 945 580 ite
964 525 1058 579 relicte
1070 525 1129 593 jure
1181 526 1248 580 dicti
1269 537 1332 580 tnnc
1349 525 1504 579 dicebantur
1523 523 1594 577 Edle
1613 519 1742 573 Kneclrte.
1755 514 1868 570 Nolden.
1887 513 1921 569 de
1937 522 1999 567 stat.

308 613 440 668 nobilium
457 615 595 671 riduaram
614 614 644 666 in
662 613 783 666 Moschis
802 607 945 682 Gaudebit?
962 610 1022 664 lica
1049 617 1129 678 puto,
1181 611 1265 665 nobil.
1284 608 1360 665 civil.
1373 627 1396 663 c.
1412 607 1536 664 trunci·
1550 616 1575 660 t.
1594 603 1735 658 Creterum
1750 599 1890 673 specialius
1907 597 1932 650 si
1952 615 2001 650 uc·
2039 615 2070 658 tt

310 715 371 746 curu
388 698 463 747 euim
486 709 575 752 contre
605 699 736 751 tutionem
766 696 835 765 juris
856 695 906 748 huc
930 692 1130 746 matrimonium
1179 697 1275 749 bittunt
1294 693 1436 766 appellatio
1454 692 1581 763 capietur,
1601 688 1641 740 ttli
1658 685 1766 757 quidem
1786 683 1868 737 hodic
1885 697 1929 736 cos
1952 699 2002 752 sp·

285 805 291 818 ·
309 774 420 839 initum,
439 794 493 830 uon
506 779 612 844 latiori,
628 781 674 832 sed
686 779 818 831 strictiori
831 778 1052 846 interpretatione
1062 792 1129 846 opus
1179 781 1277 852 pellere
1295 777 1376 831 moris
1395 788 1443 842 est,
1462 777 1501 829 illi
1523 775 1572 828 hoa
1591 771 1700 826 nomine
1717 769 1840 832 veniunt,
1859 766 1906 837 qui
1926 766 2000 820 iuter

310 857 430 922 habebit,
448 866 476 910 et
493 859 556 912 niue
572 861 634 912 otiis
652 860 791 914 viduarum
812 859 962 932 privilegiis
987 876 1047 912 ocu
1067 876 1129 927 geu·
1177 866 1296 917 illustres
1313 872 1339 914 et
1358 861 1430 914 eires
1447 859 1566 913 medinm
1584 853 1662 927 qussi
1681 856 1768 907 locum
1788 859 1894 916 teuent,
1915 859 1943 904 et
1961 849 1999 904 ite

311 939 395 1005 debit,
413 941 468 994 uisi
485 953 613 1012 quatenus
630 941 684 1014 ipsi
708 960 756 1016 per
785 955 892 1014 pectunt
919 943 1128 1012 morgrueticunt
1179 944 1297 1018 proximi
1317 943 1350 996 ab
1363 941 1513 998 illustribus
1532 949 1602 994 sunt.

309 1038 436 1094 expresse
451 1036 629 1096 prospectum·
1213 1031 1349 1100 Quantum
1369 1045 1431 1082 reto
1444 1033 1609 1098 praesentem
1625 1020 1763 1076 concernit
1777 1017 1927 1082 materiam,
1939 1033 2000 1072 eunt
2043 1042 2077 1084 er

346 1107 578 1179 ¹¹¹01't0tquem
597 1106 691 1164 sicinae
707 1110 818 1163 nomine
835 1109 881 1163 hic
899 1109 1061 1165 intellectum
1082 1128 1128 1166 sa·
1174 1115 1234 1182 jore
1252 1113 1392 1166 viduarum
1411 1109 1543 1166 nobilium
1562 1110 1591 1161 iu
1611 1106 1733 1159 ldrrcltle
1750 1106 1895 1176 praecipue
1915 1117 2002 1156 seer·

310 1189 446 1263 lim,pro
465 1192 710 1247 instituti'rutioue
728 1193 831 1248 abunde
851 1195 968 1262 dictums
995 1194 1041 1248 setl
1066 1213 1125 1249 curn
1175 1205 1253 1250 erent
1269 1196 1339 1249 circe
1359 1194 1436 1248 leude
1456 1193 1643 1247 defunctorum
1657 1189 2000 1252 maritorum,inhisrero

310 1274 450 1332 ridusruut
466 1295 520 1332 nou
537 1278 669 1345 omnium,
686 1278 733 1333 sad
751 1279 882 1333 nobilium
895 1279 953 1348 jura
966 1278 1015 1331 hec
1027 1278 1126 1332 dieser·
1175 1280 1302 1334 baronum
1320 1280 1513 1350 reliquorumqe
1532 1277 1677 1331 illustrium
1696 1276 1725 1328 in
1742 1273 1863 1327 Moschis
1886 1270 2005 1344 aequalis

310 1360 411 1416 tutione
427 1364 592 1435 expositurus
610 1363 678 1426 sim,
705 1363 797 1433 paucis
819 1372 921 1418 tentum
949 1362 1126 1429 monendum,
1174 1363 1294 1417 conditio
1312 1363 1365 1426 sit,
1383 1364 1483 1434 qnippe
1502 1379 1563 1416 cum
1581 1377 1634 1414 nou
1655 1357 1752 1428 tuciori
1770 1357 1840 1412 circe
1859 1355 1937 1412 leude
1961 1355 2004 1408 cli·

310 1461 437 1516 quaenam
453 1446 554 1499 nobilis
572 1445 683 1500 dicende
699 1446 785 1500 uidua.
802 1447 834 1502 Et
850 1447 959 1517 quidem
978 1445 1008 1498 in
1020 1463 1126 1518 genere·
1173 1447 1304 1520 sponendi
1323 1449 1429 1503 licentis
1447 1449 1573 1519 polemi,
1594 1448 1641 1500 sed
1659 1443 1746 1500 uiduis
1767 1444 1885 1515 ipsorum
1904 1441 2004 1513 puriter

309 1530 373 1584 liori
390 1531 541 1601 acceptioue
559 1543 661 1586 certum
679 1539 730 1598 est,
747 1530 925 1602 appellatione
943 1530 1075 1586 nobilium
1092 1550 1123 1584 o·
1173 1532 1244 1586 dotis
1262 1531 1385 1602 repetitio
1402 1549 1433 1586 ec
1449 1530 1564 1584 dotalitii
1583 1530 1679 1602 petitia
1696 1547 1730 1583 ex
1756 1527 1835 1581 leudo
1859 1537 2003 1599 competet,

309 1631 386 1668 maes
403 1615 484 1670 etism
504 1617 612 1686 majoris
631 1615 769 1687 dignitatis
787 1617 869 1670 titulo
886 1616 1031 1691 insignitos
1053 1617 1125 1670 reni·
1173 1619 1272 1688 optime
1291 1617 1408 1682 ratione,
1427 1607 1496 1686 quse
1511 1615 1544 1669 de
1561 1615 1649 1673 viduis
1668 1611 2004 1667 nobiliorulticnobisdi·
2066 1687 2069 1694 Ι

312 1699 451 1767 remulco.
470 1709 572 1756 utnon
590 1710 692 1754 notum
710 1702 822 1754 barones
839 1711 868 1754 et
885 1701 1006 1768 comites,
1019 1701 1064 1756 sed
1076 1702 1124 1754 du·
1173 1703 1271 1763 cende,
1290 1698 1323 1752 ul
1342 1698 1432 1752 cltlurs
1450 1699 1598 1752 illustrium
1623 1710 1795 1770 personarum
1821 1696 1851 1748 in
1876 1693 2002 1748 Maronia

310 1799 354 1836 ces
369 1799 473 1853 quoqne
490 1794 516 1839 et
532 1784 698 1839 marchiones
710 1784 982 1856 comprehendentur,
996 1784 1125 1857 ludolph.
1173 1783 1300 1855 applicui
1320 1793 1457 1854 poterunt,
1482 1792 1644 1854 quapropter
1669 1799 1703 1834 ue
1729 1790 1855 1835 monente
1881 1779 2003 1852 imperet.

314 1867 424 1922 Schred.
442 1867 566 1938 defeud-
583 1888 613 1941 p.
637 1884 674 1924 tu.
693 1879 755 1923 sect.
783 1879 807 1924 t.
826 1889 854 1922 n.
874 1881 916 1923 11.
936 1870 1126 1926 Peurmeister.
1176 1867 1334 1922 lustiuicuo
1354 1868 1383 1922 in
1400 1885 1445 1938 pr.
1463 1868 1527 1922 inst.
1544 1869 1696 1940 quodcum
1714 1885 1746 1920 eo
1767 1865 1860 1938 quiin
1885 1865 1921 1919 al.
1945 1875 2004 1932 pot.

313 1949 450 2020 deiun‘sd
464 1952 483 2003 l.
499 1964 524 2004 1.
534 1970 556 2005 c.
575 1963 614 2009 tt·
629 1971 656 2007 n.
675 1963 715 2005 tt.
730 1952 857 2008 Chassau.
865 1951 892 2006 in
900 1953 1024 2025 catalog·
1046 1955 1125 2009 Glor.
1176 1953 1284 2008 verbose
1304 1953 1341 2006 sit
1353 1951 1500 2024 disputatio
1513 1963 1618 2018 nostre,
1629 1952 1662 2005 de
1674 1949 1805 2004 nobilium
1818 1947 1918 2016 viduis,
1931 1948 2003 2002 selca

313 2035 583 2102 mantoncourt.
596 2048 638 2090 11.
653 2039 708 2092 lruo
720 2038 867 2108 germanice
883 2039 1126 2112 conjunclterolim
1177 2035 1356 2108 applicatione
1374 2036 1408 2091 sd
1427 2037 1559 2101 illustres,
1578 2032 1673 2090 facturi
1691 2033 1769 2090 serbe
1789 2047 1888 2084 sumus.

313 2127 413 2172 tentum
430 2117 542 2175 ducibus
558 2131 585 2176 et
601 2121 745 2176 comitibus
762 2122 912 2195 competiit,
929 2123 965 2178 ob
976 2141 1055 2196 quem
1067 2144 1128 2180 cau·
1215 2120 1319 2193 Quibus
1336 2121 1366 2173 ic
1386 2135 1483 2191 genere
1501 2119 1670 2191 praemissis,
1683 2117 1714 2172 ed
1728 2115 1853 2189 specialis
1865 2113 2005 2170 uiduarum

313 2215 369 2255 sam
386 2203 594 2278 primogenitum
611 2204 682 2278 regis
703 2207 804 2264 limiae
819 2209 886 2263 olim
904 2221 1020 2266 uocatum
1045 2209 1129 2266 luisse
1175 2205 1235 2274 iura
1253 2205 1428 2278 progredior,
1447 2213 1476 2259 et
1494 2203 1601 2276 quidem
1620 2201 1653 2257 ad

992 2371 1241 2444 CAPUT
1287 2379 1334 2448 Il.

564 2541 622 2612 De
639 2545 726 2634 jure
750 2541 880 2611 uiduae
904 2539 1027 2611 nobilis
1051 2539 1247 2614 marchione
1271 2553 1368 2619 circa
1393 2555 1626 2643 repetitionem
1650 2548 1751 2618 dotis.

476 2747 481 2756 ‹
553 2711 575 2763 S
594 2715 625 2770 Π
638 2701 724 2768 ΠΙ
736 2715 766 2768 A
785 2716 810 2770 ll
827 2717 847 2768 Ι
862 2716 892 2768 A
1184 2725 1438 2790 Proutresponsum
1452 2722 1481 2777 in
1496 2719 1742 2794 lncficultjurid.
1758 2738 1785 2772 tt·
1800 2730 1844 2772 tu.

317 2795 513 2852 Tunetunc.
529 2808 552 2851 t.
1183 2803 1277 2857 Etiam
1281 2803 1407 2875 fundum
1420 2824 1456 2859 ec
1467 2806 1672 2877 paraphernali
1678 2803 1797 2875 pecunia
1815 2809 2002 2872 comparatum

313 2885 342 2936 V
339 2879 404 2936 1thss
415 2881 500 2934 dolam
513 2881 609 2952 repelli
620 2878 710 2935 selmo
724 2880 910 2934 mallimonl'O·
924 2897 952 2932 n.
974 2891 998 2931 2·
1216 2889 1321 2944 utilit&
1330 2890 1470 2945 uindicare
1478 2903 1573 2962 potest,
1589 2909 1617 2944 η,
1632 2903 1674 2945 31,

313 2963 454 3033 Quomott
462 2964 614 3019 dominium
627 2964 697 3018 dotis
709 2964 767 3032 ipso
773 2965 842 3037 jure
854 2965 891 3020 ad
904 2981 1020 3018 umorem
1040 2979 1133 3018 reuer-
1184 2974 1266 3043 Quod
1272 2973 1444 3050 praejudiciis
1455 2975 1596 3042 probatur,
1611 2995 1639 3027 η,
1654 2985 1693 3028 tt.
1708 2988 1781 3044 seqq.

345 3047 697 3120 enumeratorum
722 3049 824 3121 absque
844 3049 995 3104 traditione
1011 3069 1069 3106 non
1089 3069 1132 3105 re·
1186 3057 1630 3130 Viduaquoquerepetitncmina
1644 3059 1674 3114 in
1687 3057 1776 3114 dotem
1788 3055 1854 3110 data
1871 3064 1897 3108 et
1915 3051 2003 3110 addere

345 3133 398 3186 dit.
415 3153 445 3186 n.
464 3145 487 3187 t.
1217 3141 1413 3197 sententian.
1428 3157 1468 3198 tt.

312 3215 455 3272 Sclrdder.
468 3228 588 3276 natatur.
602 3239 631 3275 n.
643 3230 667 3273 1.
1181 3227 1373 3284 limitatum.
1388 3241 1429 3284 tt.

316 3301 435 3367 Quando
448 3303 498 3357 dos
508 3301 609 3360 uiduae
621 3303 727 3360 restitui
737 3305 853 3361 delent?
862 3325 890 3360 n.
905 3317 926 3358 1.
1184 3310 1272 3366 Vidua
1283 3312 1402 3385 probare
1414 3313 1500 3380 debet,
1513 3312 1627 3368 nomina
1638 3307 1867 3384 eaigidiliasru'sse
1879 3317 2001 3378 tempore

311 3383 351 3436 Et
362 3387 518 3456 quomodo?
530 3407 558 3442 n.
575 3400 600 3442 t.
612 3399 636 3441 t.
1215 3393 1358 3450 illationis.
1370 3415 1398 3450 n.
1414 3409 1456 3451 11.

313 3469 404 3526 Vidua
416 3473 573 3527 electionem
585 3475 681 3537 labet,
694 3485 787 3530 utrum
798 3474 952 3530 dotalitium
963 3477 1082 3546 exigere,
1094 3493 1132 3529 an
1184 3479 1274 3534 Vidua
1290 3497 1346 3534 non
1359 3481 1456 3550 repetit
1468 3479 1557 3535 dotem
1568 3477 1717 3551 eufemie,
1734 3477 1760 3531 si
1776 3477 1850 3530 istud
1864 3477 1904 3531 ad
1914 3473 2002 3528 domi·

345 3554 435 3610 dotem
447 3567 570 3628 repetere
583 3558 681 3612 malit?
691 3577 718 3610 n.
733 3571 758 3611 a.
1215 3583 1281 3621 num
1293 3565 1328 3619 sit
1340 3567 1507 3630 devolutum,
1527 3565 1602 3633 isque
1620 3578 1677 3620 non
1697 3561 1872 3617 consenserit.
1892 3579 1920 3614 n.
1941 3569 1982 3613 tt.

309 3641 387 3697 Idem
398 3641 427 3696 t'rt
439 3642 573 3697 Karallia·
586 3660 614 3693 ¹²·
629 3651 652 3693 ⁹·
1181 3653 1272 3706 Prout
1283 3667 1440 3719 responsum
1454 3651 1484 3704 in
1498 3667 1613 3704 camera.
1628 3667 1655 3702 n.
1672 3661 1715 3700 su.

310 3727 505 3799 Aequoream
516 3725 643 3780 isceredes
656 3721 790 3796 riduajus
808 3722 879 3778 illud
901 3723 1018 3793 optionis
1041 3733 1131 3779 nans·
1182 3736 1231 3786 An
1246 3733 1376 3790 haeredes
1389 3735 1487 3788 neoris
1499 3753 1517 3788 o
1531 3733 1631 3787 marito
1644 3733 1784 3803 superstite
1794 3731 1883 3785 dotem
1899 3745 1931 3783 ac
1942 3726 2002 3782 illc·

347 3808 457 3863 mittat?
468 3825 496 3860 n.
512 3819 554 3864 to.
1216 3821 1283 3872 tuin
1298 3819 1415 3874 solidum
1427 3821 1576 3889 repetant?
1589 3839 1615 3874 n.
1632 3829 1673 3872 1ο.

308 3895 382 3952 llum
392 3892 523 3948 etuetm
531 3892 703 3963 semetsocta
714 3891 792 3946 locus
802 3893 839 3947 sit
850 3890 1020 3948 canutam?
1029 3911 1056 3947 n.
1073 3905 1112 3948 tt.
1182 3901 1245 3970 Aff.
1259 3901 1404 3957 detineris.
1417 3922 1446 3957 n.
1462 3913 1502 3958 tt.

310 3981 378 4048 Neg.
391 3995 418 4030 n.
433 3987 475 4030 tt.
1108 3998 1110 4003 ’
1178 3984 1259 4039 Serus
1268 3988 1297 4038 in
1312 3986 1445 4042 Marulla.
1460 4005 1488 4042 n.
1502 3997 1544 4040 11.

308 4064 402 4118 Lina.
413 4079 440 4115 n.
455 4071 495 4116 tt.
1180 4071 1272 4124 Ltmtt.
1289 4088 1314 4125 n.
1330 4081 1369 4126 11.

310 4148 457 4218 Attegarur
466 4145 589 4219 praefati·
603 4159 673 4199 eam·
687 4163 715 4197 n.
731 4154 771 4197 14.
1059 4201 1063 4208 ,
1176 4154 1412 4211 secundiniano.
1427 4163 1469 4208 11.

308 4231 396 4286 Fallit
402 4249 458 4300 reg.
469 4230 543 4301 quod
547 4231 598 4282 dos
605 4230 753 4298 nonpossit
764 4227 854 4300 repeti,
863 4229 917 4282 nui
925 4229 1017 4284 soluto
1032 4232 1129 4287 mutri-
1183 4237 1272 4294 Vidua
1280 4239 1394 4308 probare
1409 4228 1496 4304 dedet,
1509 4241 1599 4295 dotem
1614 4241 1726 4296 realiter
1736 4239 1842 4296 illatam
1852 4245 1884 4294 u'e
1897 4241 1927 4291 in
1931 4239 1998 4310 seu·

345 4314 480 4379 monio,si
487 4311 599 4367 maritus
610 4313 725 4381 incipiat
735 4315 1031 4384 uergereadinopicm.
1043 4335 1072 4367 n·
1089 4327 1127 4370 ts.
1214 4322 1278 4376 dum
1291 4337 1464 4376 conversam.
1478 4341 1503 4376 n.
1521 4332 1562 4375 11.

308 4403 466 4468 Paupertas
476 4415 537 4454 aero
549 4398 647 4450 moriri
653 4400 800 4465 predando
813 4400 848 4454 ab
862 4418 957 4455 uxore.
972 4419 998 4452 n.
1014 4415 1055 4456 ta.
1176 4407 1298 4463 Amissio
1308 4407 1486 4466 instrumenti
1496 4408 1596 4464 dotalis
1609 4427 1667 4463 non
1681 4421 1771 4476 nocet,
1785 4427 1839 4483 quo
1848 4412 1937 4468 minus
1949 4413 1999 4465 dos

313 4483 387 4551 Quid
393 4483 548 4557 requiretur
559 4483 600 4540 ad
610 4483 690 4556 liujus
697 4483 913 4553 probationem?
923 4502 948 4535 n.
967 4496 1007 4537 tr.
1211 4493 1301 4562 repeti
1307 4494 1404 4562 possit.
1417 4511 1446 4546 n.
1462 4503 1505 4546 11.

307 4567 431 4640 Suffiffl'ls
442 4569 471 4622 si
479 4585 543 4622 casn
555 4567 671 4622 1111111111
679 4565 719 4622 ad
727 4567 849 4639 inopiam
862 4569 1009 4624 redactur?
1025 4586 1052 4620 n·
1068 4580 1109 4624 11.
1180 4579 1296 4647 Quando
1309 4577 1514 4648 praescribatur
1526 4577 1682 4651 exceptioni
1699 4597 1756 4634 non
1776 4589 1938 4636 numeratae
1951 4582 2000 4634 do·

311 4655 403 4709 Ilatio.
415 4672 442 4707 n.
459 4665 498 4708 11.
1211 4659 1267 4714 tis?
1285 4680 1312 4715 n.
1330 4671 1372 4712 11.
1383 4677 1456 4733 seqq.

308 4737 878 4809 Donationemquoquepropternupticset
890 4737 965 4792 dana
976 4737 1126 4806 parapher-
1181 4743 1270 4799 Viduo
1283 4745 1362 4799 dalet
1376 4743 1554 4814 dypotlsecarn
1573 4744 1682 4799 taciturn
1704 4747 1812 4799 rotrone
1830 4743 1902 4798 dotis
1919 4743 1948 4797 in
1967 4758 1997 4799 u·

345 4825 422 4877 nolin
433 4843 465 4876 eo
479 4841 544 4877 casu
557 4834 672 4887 repetere
682 4832 777 4891 potest.
793 4842 820 4875 n.
834 4835 873 4877 1ο.
1213 4827 1322 4882 mnibus
1333 4827 1411 4881 bonis
1423 4829 1523 4882 inuriti.
1536 4845 1565 4880 n.
1580 4840 1622 4881 11.

308 4907 401 4961 Prcut
412 4907 441 4960 in
452 4924 523 4959 corn.
536 4917 631 4960 nostru
645 4923 809 4975 responsum.
821 4928 848 4960 n.
869 4919 913 4962 tt.
1182 4915 1255 4982 Quae
1268 4911 1383 4980 incipito
1391 4910 1910 4984 temporebenedictionissacerdotalis,
1918 4929 1944 4965 n.
1954 4921 1996 4966 11.

312 4987 385 5058 Quid
394 4991 426 5044 de
438 4989 564 5044 dotalitio
575 4989 742 5045 dicendum?
754 5009 782 5045 n·
799 5002 840 5045 11.
1174 4999 1213 5051 Et
1224 4995 1324 5048 transit
1335 4993 1365 5049 in
1379 5013 1571 5068 quemcumque
1583 5011 1773 5060 possessorem
1786 5011 1814 5048 n.
1829 5004 1872 5047 11.

309 5075 375 5144 lt'eg.
385 5093 413 5126 n.
428 5085 470 5128 11.
1181 5080 1269 5134 Viduo
1282 5080 1363 5134 lebet
1370 5079 1417 5150 jus
1428 5077 1617 5152 praelationis.
1629 5099 1657 5133 n.
1669 5093 1711 5135 11.

309 5159 400 5212 dimit.
414 5176 441 5212 n,
454 5164 499 5211 11.
1155 5191 1156 5194 =
1175 5165 1264 5217 Itruto.
1279 5183 1308 5218 n.
1323 5175 1366 5218 11.

306 5252 355 5298 An
367 5245 391 5297 si
398 5244 496 5298 mulier
505 5247 621 5300 scienter
630 5242 763 5297 odaerato
773 5244 891 5316 nupserit
903 5244 1013 5309 marito,
1023 5241 1123 5317 perdat
1172 5251 1284 5319 Hoeqrse
1292 5247 1338 5316 ius
1346 5247 1528 5318 praelationis
1539 5245 1624 5302 uidua
1632 5267 1688 5301 non
1701 5258 1807 5302 tuntum
1815 5248 1896 5305 habet
1904 5249 1998 5321 pucati

343 5329 502 5402 beneficium
515 5329 673 5397 repetendae
684 5329 773 5382 dotis?
785 5347 812 5382 n.
827 5341 867 5384 tt.
1206 5345 1260 5384 sua
1272 5331 1343 5384 bonu
1355 5332 1383 5384 in
1397 5329 1488 5386 dotem
1500 5333 1582 5398 data,
1594 5331 1710 5387 sediliis
1722 5336 1891 5404 consumptis
1912 5335 1996 5387 etiarn

308 5411 471 5482 Allegontur
481 5415 579 5469 divers.
593 5417 719 5468 Jcturum
730 5416 889 5469 sententiae.
903 5433 929 5468 n.
945 5426 988 5469 11.
1005 5426 1047 5469 tr.
1061 5428 1103 5471 tt.
1204 5418 1296 5486 quoad
1309 5415 1381 5469 bonu
1391 5415 1492 5470 meriti.
1506 5433 1530 5468 n.
1546 5429 1587 5470 11.

312 5499 401 5551 Viduo
413 5517 469 5553 non
480 5510 587 5554 tantum
598 5500 688 5553 dotem
705 5510 822 5571 repetere
836 5511 937 5570 potest,
951 5503 999 5558 sed
1008 5514 1034 5557 et
1048 5505 1122 5558 barra
1172 5502 1221 5554 An
1233 5499 1319 5555 uidua
1328 5499 1502 5572 praeferatur
1513 5501 1687 5572 luypotlreccm
1698 5517 1855 5574 expressam
1870 5505 1993 5560 anterio·

343 5588 562 5659 paraphernalia.
577 5602 602 5640 n.
618 5597 666 5638 ts.v
1206 5601 1262 5641 rent
1276 5584 1454 5641 ludentibus?
1468 5603 1494 5640 n.
1510 5595 1553 5641 11.
