4396 6286
415 289 464 345 rep
973 267 1164 324 DlSPUTdT.
1184 270 1231 323 lli.
1251 269 1368 328 catut
1386 277 1421 330 V.
1935 273 1985 328 aso

361 367 403 422 tie
422 385 469 440 ptr
487 367 650 430 occasionem
669 385 744 422 cansa
766 365 937 434 intelligenda
957 365 1001 417 sit.
1021 365 1086 417 Nam
1106 384 1178 419 occa-
1228 369 1410 440 cnlopereat,
1431 373 1572 428 tamenab
1594 371 1730 428 infelicem
1752 367 1878 423 criminis
1902 379 2042 437 ereatura,
2134 431 2137 436 ,

362 452 404 504 siu
425 449 561 520 significat
578 455 644 504 alias
662 469 768 505 carinam
789 464 915 503 remotam
934 461 959 502 et
977 467 1023 520 per
1042 451 1178 516 accidens,
1229 465 1253 504 et
1271 457 1332 523 qnia
1358 473 1399 510 res
1426 461 1488 512 mali
1514 459 1631 528 exempli
1657 468 1708 520 est,
1727 475 1758 508 eo
1779 454 1928 508 abortionis
1954 456 2046 526 pusulo

359 553 425 606 qnae
444 555 497 589 raon
517 549 557 590 est
576 538 698 590 ordinata
717 539 749 589 ad
769 554 828 587 euin
848 534 980 586 effectum.
993 533 1108 602 ideoque
1127 535 1178 585 ins·
1229 541 1366 594 mulierem
1387 553 1432 596 ant
1451 547 1544 615 poculo
1563 547 1690 598 amatorio
1712 544 1849 596 bominem
1871 543 1928 594 sire
1946 559 2047 597 marem

362 622 470 690 proprie
490 621 534 672 bic
553 621 656 673 ridetur
671 623 772 673 locutas
785 622 875 682 lctus,
888 620 926 670 uti
944 621 1024 671 tradit
1037 619 1177 686 Tiraquell.
1228 623 1283 675 sive
1303 623 1448 679 foeminam
1469 632 1574 698 perire,
1592 644 1696 681 suranae
1720 625 1853 696 supplicio
1871 622 2046 692 afficiuntur,

361 707 390 756 in
411 715 490 759 tract.
508 718 633 758 cessante
650 722 736 758 onrrsu
771 703 849 755 linuit.
871 717 911 758 ιο.
931 723 956 755 n.
980 717 1004 756 e.
1023 721 1084 757 nam
1104 721 1177 756 esen·
1229 705 1246 756 f.
1275 717 1317 760 se.
1343 706 1368 778 5.
1388 723 1412 762 s.
1429 711 1471 782 ff,
1492 715 1527 768 a,
1547 731 1629 782 poen,
1649 714 1701 766 Dn,
1728 713 1816 765 strue,
1836 727 1880 763 ιω.
1902 720 1943 764 ιι.
1963 713 2000 764 ιιι,
2021 724 2048 763 ι,

361 803 403 842 tus
422 808 476 843 uota
495 791 655 843 adscribitur
678 789 811 860 principio
825 800 939 849 remoto,
952 789 997 840 sed
1017 790 1101 840 causis
1121 805 1179 856 pro·
1230 791 1331 858 iirgeat
1347 795 1456 864 quidem
1476 797 1504 850 in
1523 798 1687 852 contrarium
1712 797 1812 866 absque
1834 795 1896 848 dolo
1913 805 1940 850 et
1957 795 2047 849 inreu.

361 875 498 942 piorilsas,
516 876 661 943 Tiraqutdl.
681 874 742 926 diet.
762 875 813 926 loc.
834 893 859 925 ιι.
880 885 905 924 s.
921 875 1004 925 divar.
1018 874 1050 925 de
1069 875 1179 926 Velaseo
1231 880 1304 930 tione
1322 880 1461 935 occidendi
1482 884 1657 937 homicidium
1678 900 1732 936 nou
1751 881 1900 947 committi,
1918 898 1967 935 nec
1985 899 2048 952 poe·

364 961 426 1012 atet.
445 959 496 1012 foc.
517 977 543 1010 ιι.
565 969 586 1009 t.
607 970 633 1011 et
653 971 678 1010 e.
698 957 775 1010 Cotti.
797 958 893 1009 't'abon
912 956 940 1008 io
961 958 1078 1010 Bornos.
1097 957 1116 1008 i.
1139 970 1178 1009 ts.
1231 977 1291 1013 nam
1305 963 1323 1012 i·
1337 967 1438 1019 cornel.
1457 966 1584 1022 ἀρείων.
1603 969 1689 1021 locum
1704 965 1799 1019 hebere
1811 967 1932 1036 postest.
1950 968 2007 1033 t.§.
2024 979 2048 1020 r,

360 1065 419 1112 cup.
442 1055 483 1096 l2·
502 1044 608 1097 titivm.
633 1053 655 1096 l.
668 1043 712 1094 ubi
731 1041 847 1094 limitet:
860 1041 914 1093 nisi
933 1041 998 1092 dnus
1017 1057 1120 1092 estusettt
1135 1059 1177 1094 l'e·
1220 1043 1263 1112 ff.
1282 1049 1320 1100 ad
1336 1051 1354 1102 Ι,
1372 1054 1473 1106 cornel·
1492 1053 1526 1106 de
1543 1054 1624 1106 rr'ear,
1641 1053 1685 1104 hie
1697 1061 1784 1104 eutem
1804 1051 1903 1104 nullam
1922 1050 2049 1104 occidere.

360 1143 454 1182 mutarn
476 1129 504 1180 in
523 1139 581 1181 actu
600 1127 698 1180 illicito
712 1135 842 1190 versetur,
856 1128 894 1180 rel
909 1127 936 1177 in
950 1137 1009 1178 actu
1024 1127 1114 1189 licito,
1130 1128 1176 1178 sed
1230 1129 1258 1179 di
1278 1130 1457 1188 intentionem
1477 1131 1585 1202 adesse,
1597 1135 1642 1188 sed
1656 1135 1755 1188 amoris
1772 1135 1866 1188 saltem
1885 1133 2050 1188 consciliandi

362 1215 452 1266 minus
470 1214 660 1282 circumspecte
677 1217 816 1280 agat,'per
832 1211 850 1262 l.
864 1210 890 1262 si
905 1219 1023 1274 putator.
1041 1221 1082 1262 st.
1091 1209 1181 1278 ,ll-od
1229 1214 1311 1280 gratia
1332 1220 1456 1287 pecudum
1482 1221 1649 1292 propinatum
1670 1235 1742 1283 esse,
1761 1219 1820 1272 Pet·
1842 1220 1944 1274 Tbeod.
1969 1223 2047 1274 crim.

359 1298 379 1350 i.
396 1298 478 1366 aquil.
498 1299 520 1364 §.
536 1316 602 1366 pen·
623 1305 651 1349 et
670 1297 718 1350 uit.
743 1297 806 1348 inst.
832 1295 890 1348 eod.
916 1296 977 1347 licet
1000 1295 1076 1346 dctus
1100 1293 1177 1344 facile
1231 1298 1297 1368 disp.
1318 1311 1342 1352 ι.
1362 1301 1397 1354 en.
1424 1315 1450 1356 t.
1475 1304 1514 1356 iit.
1542 1323 1570 1356 ιι.
1593 1313 1647 1357 turn
1672 1305 1735 1357 dict.
1761 1303 1779 1353 l.
1808 1313 1848 1355 ιι.
1867 1309 1889 1366 ς.
1911 1317 1934 1357 s.
1952 1304 2049 1357 ultima

362 1386 480 1439 excusari
502 1385 602 1454 possit,
622 1383 645 1436 si
669 1383 703 1436 de
719 1400 796 1436 cause
816 1392 918 1436 remota
937 1383 964 1432 in
983 1382 1088 1432 actione
1113 1377 1182 1447 legis
1232 1383 1309 1434 rerba
1330 1401 1381 1438 saon
1401 1387 1433 1440 ad
1453 1390 1574 1458 poculum
1594 1388 1767 1452 amatorium,
1780 1386 1827 1441 sed
1844 1387 1992 1442 abortionis
2005 1405 2049 1443 re·

364 1473 477 1541 aquiliae
496 1470 656 1542 explicetur,
676 1486 742 1540 quae
759 1469 799 1520 ibi
818 1463 935 1532 sufficit,
953 1481 1013 1517 cnm
1033 1464 1086 1516 sula
1105 1459 1181 1514 sulii-

364 1557 418 1610 ciat
435 1557 526 1625 cnlpa;
539 1571 612 1608 secas
630 1565 673 1607 est
691 1556 719 1605 in
739 1556 794 1622 lege
807 1553 923 1605 coratelin
940 1553 1053 1618 aliisque
1066 1549 1180 1602 delictis.

399 1641 437 1693 Ut
454 1651 539 1692 autern
562 1641 624 1692 baec
644 1638 801 1692 distinctius
820 1645 971 1708 patescant,
991 1636 1090 1688 delicta
1109 1651 1181 1687 seur·

363 1726 429 1793 sim,
446 1737 576 1797 qnatenus
594 1727 626 1779 ad
645 1734 768 1779 eventum
789 1725 954 1792 insperatum
975 1721 1080 1792 possint
1099 1718 1178 1772 retiu-

367 1817 391 1866 oi
412 1828 600 1884 proponemus.
618 1813 690 1864 iiiuc
708 1811 797 1878 regula
815 1809 864 1862 erit
884 1805 956 1859 talis:
975 1807 1004 1856 in
1023 1804 1119 1855 damno
1137 1803 1182 1856 da·

365 1909 391 1951 to
410 1915 464 1951 noa
484 1899 570 1951 solnm
588 1895 748 1966 delinquent
765 1893 799 1945 de
816 1901 874 1946 acto
895 1901 1017 1952 tenetur,
1036 1888 1081 1942 sed
1101 1889 1181 1941 simul

362 1994 466 2037 tenetur
484 1983 518 2035 de
535 1981 593 2042 bis,
604 1997 669 2050 qaae
690 1979 764 2031 illum
783 1993 815 2030 ex
834 1987 908 2029 aetus
926 1976 951 2028 ri
972 1976 1108 2044 insperato
1121 1986 1183 2029 sunt

361 2080 508 2124 consecuta.
528 2067 560 2118 ln
586 2067 701 2119 Senecae
720 2062 899 2116 controversia
924 2057 1036 2127 quadam
1057 2058 1107 2109 boc
1128 2065 1181 2109 tra-

361 2162 448 2206 ctatur
468 2153 497 2203 iu
516 2149 619 2220 speeie,
638 2146 738 2218 platani
759 2147 898 2207 incensae,
912 2161 945 2196 ex
963 2161 1015 2213 que
1032 2143 1126 2195 domus
1139 2159 1182 2194 ar-

362 2246 448 2299 serat,
467 2234 514 2288 ubi
533 2235 600 2288 banc
619 2233 697 2304 pouit
713 2231 873 2284 senteutiam
885 2265 893 2294 ,
905 2229 1011 2280 etiamsi
1024 2238 1121 2296 partem
1134 2227 1181 2278 da·
1206 2259 1209 2272 .

362 2321 420 2373 mni
440 2321 505 2372 dare
522 2317 646 2381 noluisti,
665 2317 694 2368 iu
711 2325 793 2368 toturn
812 2313 887 2382 quasi
912 2309 1032 2381 prudens
1057 2309 1182 2375 dederis,

361 2403 492 2458 tenendus
510 2419 554 2468 es,
572 2417 605 2454 ex
632 2409 687 2453 toto
708 2398 781 2452 enim
808 2396 926 2451 noluisse
952 2395 1045 2458 debet,
1062 2393 1110 2465 qrai
1129 2394 1180 2446 im·

362 2487 508 2559 prudentia
527 2484 701 2551 defenditur,
720 2481 781 2537 add.
801 2482 879 2535 Grot·
899 2480 919 2531 f.
938 2491 963 2531 ι.
988 2497 1011 2532 e.
1036 2489 1075 2530 tt.
1094 2479 1117 2543 §.
1140 2487 1181 2528 ιι.

361 2575 412 2628 Sed
423 2573 489 2645 quid
508 2572 531 2625 si
544 2590 560 2625 a
573 2571 694 2642 pluribus
713 2571 741 2620 in
760 2566 851 2621 eadem
871 2579 1008 2618 musarum
1022 2565 1105 2615 classe
1116 2579 1198 2628 ιιι-Ι

363 2662 464 2715 stitutis
483 2659 556 2712 idem
575 2667 650 2712 aolus
667 2655 802 2728 profectus
822 2653 918 2716 fuerit,
936 2669 969 2704 an
989 2651 1088 2718 singuli
1109 2651 1187 2724 tene!

362 2745 461 2796 buntur
480 2741 513 2793 de
526 2749 622 2794 ereata
640 2739 670 2791 in
689 2737 819 2800 solidum,
832 2753 866 2790 an
884 2751 945 2790 sero
963 2751 1013 2805 pro
1033 2742 1088 2786 rata
1102 2727 1181 2788 duni·

364 2837 435 2879 taxat
452 2823 546 2896 parte?
559 2824 635 2879 Grot·
647 2823 710 2877 dict.
727 2824 778 2875 loc.
798 2828 820 2884 §.
842 2831 884 2871 tt.
902 2819 1076 2890 protaaueiat,
1095 2818 1127 2874 iu
1139 2835 1181 2870 so·

1233 1467 1340 1521 ferenda
1360 1489 1433 1538 esse,
1447 1475 1484 1527 ita
1503 1483 1532 1527 ut
1551 1473 1630 1527 borno
1645 1471 1774 1526 infantem
1795 1473 1824 1526 in
1837 1482 1913 1526 utero
1930 1473 2051 1526 existen·

1234 1559 1286 1604 tem
1307 1554 1429 1620 denotet,
1450 1555 1575 1626 Crrpzos.
1592 1574 1638 1627 pr.
1655 1557 1731 1610 crim.
1750 1566 1823 1627 port.
1854 1569 1876 1610 t.
1895 1577 1938 1628 pu.
1960 1570 2000 1612 rt.
2020 1579 2049 1612 ιι.

1237 1647 1279 1688 ιι.
1298 1647 1326 1690 ιι
1344 1639 1420 1707 alleg·
1439 1641 1456 1692 f.
1478 1653 1502 1693 ι.
1520 1639 1543 1710 5.
1567 1639 1641 1710 ²·ffi
1655 1643 1694 1694 aad
1709 1641 1885 1697 insemel-de
1901 1643 2051 1697 sinamve-

1233 1733 1292 1770 rum
1311 1722 1380 1790 qnod
1400 1723 1431 1772 ad
1451 1721 1561 1788 dolum,
1579 1726 1656 1776 illum
1676 1727 1720 1776 hio
1739 1727 1816 1797 piane
1833 1728 1936 1780 excludi
1956 1745 2053 1784 conoe·

1235 1803 1352 1856 dendam
1371 1825 1425 1859 non
1446 1817 1500 1872 est,
1518 1810 1639 1877 quemvis
1658 1827 1710 1862 oon
1731 1811 1833 1864 directo
1849 1811 1987 1865 occidendi
2010 1814 2052 1866 in·

1234 1893 1380 1942 tentionem
1401 1893 1490 1946 babeat
1503 1895 1540 1958 is,
1553 1895 1596 1963 qui
1613 1896 1732 1964 poculum
1751 1898 1907 1950 amatorium
1928 1896 2052 1966 praebet,

1234 1991 1280 2042 per
1297 1979 1512 2044 consequentium
1535 1992 1620 2033 tamen
1639 1980 1730 2034 dolose
1738 1982 1791 2050 agit
1804 1991 1829 2035 et
1842 1975 2058 2036 internecionem

1233 2058 1340 2110 alterius
1359 2073 1497 2128 procurat,
1518 2065 1582 2116 dum
1602 2067 1629 2116 in
1650 2082 1679 2117 re
1699 2066 1791 2118 illicita
1805 2077 1940 2130 uersatur,
1953 2084 2051 2138 exque

1232 2151 1345 2195 mortem
1366 2144 1518 2212 frequenter
1544 2149 1618 2217 sequi
1644 2150 1742 2215 solere,
1764 2151 1832 2202 scire
1856 2153 1941 2220 potnit
1958 2163 1984 2205 et
2003 2153 2048 2208 de·

1234 2225 1307 2287 buit,
1328 2231 1447 2300 linrppr·
1468 2231 1507 2285 nd
1523 2232 1563 2283 tit.
1580 2235 1662 2287 instit.
1684 2234 1906 2304 depubi.1‘ud.§.
1922 2237 1968 2289 fex
1986 2238 2053 2293 ιἰιιιι

1233 2313 1354 2364 cornelio
1374 2316 1406 2367 de
1422 2315 1498 2368 sicar
1515 2335 1542 2368 ιι.
1563 2327 1604 2370 ιι.
1625 2335 1708 2388 ιιιμιι
1728 2319 1789 2371 baec
1809 2321 1885 2373 rerba
1904 2323 1998 2376 saltima
2017 2323 2047 2376 d.

1232 2395 1251 2446 l·
1272 2407 1313 2448 te.
1337 2395 1361 2467 5.
1389 2411 1412 2450 ι.
1438 2401 1520 2452 solutu
1545 2399 1577 2454 ad
1597 2419 1707 2472 poetasm
1727 2405 1874 2457 abortionis
1898 2407 2052 2475 pertinent,

1234 2480 1279 2531 sed
1297 2482 1430 2548 generalia
1449 2496 1509 2539 sunt
1527 2487 1634 2558 utrique
1654 2487 1751 2542 delicto
1769 2491 1966 2557 convenientia,
1980 2493 2056 2547 conf.

1234 2561 1325 2616 Faria.
1345 2577 1449 2636 quaest.
1471 2581 1515 2622 ιι.
1533 2587 1560 2622 ιι.
1582 2581 1625 2624 ιι.
1643 2581 1670 2624 ιι
1686 2593 1729 2642 qu.
1756 2584 1819 2626 ιιι.
1838 2593 1867 2628 ιι.
1889 2587 1946 2628 ιιι.
1966 2576 2006 2628 ιιι
2024 2579 2056 2631 d.

1234 2645 1253 2700 l.
1276 2660 1299 2700 ι.
1319 2650 1342 2716 5.
1362 2660 1385 2702 t.
1404 2669 1472 2724 resp.
1486 2653 1555 2706 aliod
1576 2657 1673 2708 esseio
1694 2659 1789 2727 poculo
1807 2658 1840 2711 sd
1852 2661 2054 2730 conceptionem

1233 2731 1311 2798 dato,
1330 2738 1402 2803 qnod
1422 2739 1471 2790 hoc
1490 2737 1711 2793 medicamentum
1731 2759 1763 2795 ex
1783 2742 1992 2800 confortantibus
2006 2763 2055 2799 ue·

1233 2827 1319 2870 turam
1338 2822 1467 2875 remediis
1485 2822 1652 2890 confectum,
1673 2827 1851 2897 Harpprecltt.
1863 2827 1924 2881 dict.
1936 2828 1988 2882 foc.
2002 2829 2052 2882 dn.

361 2911 446 2962 lidum
465 2910 498 2962 de
515 2918 610 2964 eventu
630 2907 715 2962 teneri
735 2906 868 2974 singulos,
887 2903 934 2974 qni
958 2901 991 2955 ed
1014 2911 1103 2955 actum
1121 2919 1182 2955 cau·
1233 2901 1321 2957 Praes.
1340 2914 1418 2959 tract.
1439 2906 1473 2959 de
1485 2906 1626 2976 juncens.
1638 2909 1707 2979 disp.
1729 2925 1752 2964 ι.
1771 2931 1830 2981 cop.
1844 2922 1867 2965 ι.
1880 2931 1907 2966 ιι.
1923 2913 2054 2970 esmant.

361 3013 418 3050 saro
436 2993 581 3060 dederunt,
595 2995 619 3047 si
639 3003 707 3049 totus
724 3004 798 3048 uetus
810 2992 843 3046 ab
861 2990 944 3062 ipsis,
956 3005 1113 3059 quamquam
1127 3005 1181 3042 nou
1232 2987 1317 3041 Andr.
1338 2991 1433 3044 diciat.
1452 2993 1497 3044 iii.
1518 3003 1541 3045 t.
1562 3010 1637 3047 cons.
1660 3005 1701 3048 ιι.
1720 3015 1748 3048 n·
1771 3009 1811 3050 to.

360 3079 575 3150 solis-processit
592 3098 617 3132 r·
636 3095 674 3149 gr.
694 3087 748 3132 tres
762 3087 838 3142 sant,
852 3075 898 3146 qui
917 3074 988 3128 faces
1000 3074 1081 3126 simul
1099 3074 1181 3127 alicui
1268 3074 1319 3126 Sed
1338 3093 1370 3127 an
1391 3077 1414 3129 is
1431 3095 1535 3148 qnoque
1553 3081 1762 3134 extraordinaria
1781 3079 1878 3150 edicti,
1896 3085 2044 3156 probiben-

360 3165 452 3219 dumui
471 3165 637 3232 iniecerunt,
657 3161 702 3215 bic
719 3171 793 3216 actus
812 3160 934 3213 incensae
952 3159 1045 3213 domas
1063 3161 1182 3215 totnani·
1229 3157 1263 3214 tis
1281 3161 1477 3216 extructionem
1500 3162 1643 3229 frumenti,
1663 3183 1745 3237 poena
1771 3178 1892 3235 tenetur,
1918 3171 1964 3240 qui
1992 3173 2055 3240 ipse

361 3253 440 3305 detur
457 3268 472 3303 ι
490 3250 605 3319 singulis
623 3249 806 3318 processisse,
825 3245 893 3300 etsi
913 3263 965 3298 noa
984 3265 999 3298 a
1018 3245 1099 3309 solis,
1118 3263 1179 3299 cum
1233 3261 1285 3296 non
1305 3248 1437 3310 extraxit,
1458 3246 1503 3301 sed
1522 3249 1659 3318 insperato
1677 3262 1771 3304 erentn
1790 3251 1858 3304 alius
1875 3252 1908 3306 ab
1926 3271 1972 3320 eo,
1992 3271 2015 3308 e.
2028 3273 2054 3326 g.

360 3351 444 3408 arque
461 3334 554 3389 domus
571 3331 654 3388 fuerit
673 3331 883 3400 conflagratam,
904 3331 968 3382 licet
991 3347 1059 3382 anus
1078 3339 1179 3384 tantum
1233 3332 1366 3383 mutuavit
1383 3331 1492 3402 qnidam
1512 3333 1589 3385 alteri
1609 3331 1788 3401 formentum,
1802 3337 1846 3406 qni
1858 3349 1947 3408 postea
1966 3349 2055 3392 extra·

360 3421 445 3474 facem
463 3418 608 3486 injecisset.
628 3415 663 3468 dt
682 3416 706 3468 si
726 3417 816 3486 plnres
834 3415 951 3485 aliquem
972 3414 1087 3467 fustibus
1106 3416 1179 3470 insa·
1231 3414 1272 3468 xit
1291 3417 1468 3479 eterritorio,
1482 3417 1510 3470 in
1523 3435 1575 3488 quo
1587 3417 1700 3472 rendere
1712 3419 1879 3491 prohibitum
1892 3429 1956 3474 erat.
1971 3422 2054 3494 Resp.

362 3506 463 3572 serint,
488 3519 601 3574 quornm
627 3517 695 3553 sanus
718 3499 798 3571 capiti
823 3501 917 3552 snlnns
941 3500 1089 3563 inflixerit,
1113 3503 1182 3552 alter
1230 3501 1299 3572 quud
1321 3521 1383 3570 non,
1403 3516 1521 3559 cessante
1540 3505 1668 3560 nimirum
1693 3508 1796 3562 ratione
1821 3509 1903 3577 legis,
1922 3516 1952 3560 ut
1971 3505 2051 3562 ferti·

361 3589 502 3644 braclrium
520 3586 645 3654 fregerit,
669 3585 765 3640 tertius
782 3584 887 3638 oculum
906 3584 1180 3652 excusserit,singuli
1231 3587 1283 3638 lior
1300 3598 1368 3640 esset
1386 3605 1505 3652 arraona,
1524 3599 1611 3642 cesset
1632 3592 1690 3659 ipsa
1712 3591 1876 3662 probibitio,
1902 3591 2052 3660 Tiraquell.

363 3692 417 3727 non
436 3675 469 3728 de
487 3681 541 3726 tota
560 3670 676 3724 laesione
695 3669 869 3734 tenebuntur,
884 3667 929 3721 sed
941 3668 1054 3738 quisque
1071 3686 1121 3739 pro
1133 3687 1181 3734 eo,
1232 3679 1310 3724 tract.
1331 3681 1454 3724 cessante
1472 3688 1569 3728 causo.
1588 3673 1666 3726 timis.
1688 3687 1710 3728 t.
1728 3695 1756 3731 ιι.
1769 3687 1810 3728 st.
1824 3685 1945 3728 mutuum
1962 3685 2053 3729 autem

362 3760 431 3829 qnod
452 3759 508 3830 ipse
526 3756 599 3810 fecit.
617 3756 678 3808 Etsi
688 3771 765 3823 saepe
776 3751 883 3823 quando
903 3770 970 3806 unus
988 3753 1119 3815 elabitur,
1132 3753 1179 3821 qui
1232 3754 1301 3807 inire
1321 3755 1449 3810 frumenti
1470 3757 1611 3811 renovandi
1631 3775 1707 3813 musa
1721 3779 1772 3814 non
1786 3761 1937 3814 adversatur
1954 3759 2057 3827 edicto,

362 3844 615 3913 deprehenduntur,
635 3841 665 3896 in
685 3839 800 3892 solidum
827 3837 1001 3900 damnentur,
1023 3836 1180 3907 praesertim
1231 3841 1364 3912 siquidem
1385 3855 1508 3898 mutuans
1528 3861 1579 3896 non
1596 3845 1895 3899 alienasitfrnrnentum
1916 3847 2058 3916 ingessere

365 3933 409 3984 ubi
436 3929 616 4000 conspiratam
646 3929 718 3980 inter
742 3925 816 3995 ipsos
839 3921 872 3976 ad
892 3923 997 3976 facinus
1021 3922 1178 3990 patrandum
1232 3944 1285 3980 nun
1312 3939 1484 3997 recepturus,
1505 3928 1550 3983 sed
1573 3939 1603 3982 nt
1627 3930 1679 3983 alia
1704 3931 1836 3984 similisve
1862 3933 1997 4000 quantitas
2023 3931 2083 3983 iu'

365 4017 456 4069 suerii.
476 4013 548 4066 Hinc
565 4013 673 4084 qliifittm
693 4011 861 4078 distinguunt
879 4009 948 4061 inter
966 4016 1040 4060 licitis
1058 4007 1181 4060 dividuos
1233 4014 1337 4066 meliori
1363 4015 1452 4086 specie
1477 4031 1575 4084 nempe
1600 4025 1724 4069 reflorete
1751 4015 1916 4068 recideretur,
1934 4014 2055 4068 Eventus

366 4114 392 4155 et
411 4099 578 4163 indiuiduos,
591 4098 619 4150 hi
634 4105 711 4161 sant,
724 4097 758 4147 ad
777 4111 842 4164 quos
855 4093 931 4148 multi
943 4101 1122 4155 concurrunt,
1135 4090 1180 4142 wli
1232 4103 1322 4172 itaque
1340 4119 1392 4154 non
1411 4111 1451 4155 est
1471 4103 1607 4154 habendas
1627 4101 1654 4154 iu
1674 4100 1904 4162 consideratione,
1918 4115 1976 4152 cum
1997 4100 2053 4152 ini·

365 4188 417 4250 ita,
438 4197 466 4240 ut
482 4184 563 4238 etiam
581 4197 613 4233 ex
633 4179 712 4234 unius
729 4194 809 4248 opera
829 4178 932 4246 integer
951 4183 1024 4228 actus
1043 4173 1125 4228 fuerit
1142 4191 1182 4226 se-
1234 4185 1300 4237 rtum
1320 4185 1416 4238 bonum
1437 4183 1535 4246 fuerit·
1555 4201 1604 4237 ηερ
1622 4185 1715 4238 obem
1739 4181 1920 4254 dotte1‚q„0,1
1942 4183 2053 4252 quenti.

366 4282 489 4334 cataras,
509 4285 596 4340 oeque
614 4265 727 4336 singulis
745 4274 816 4318 certa
836 4265 905 4316 relat
926 4277 986 4331 pars
1005 4260 1087 4312 istius
1103 4272 1181 4328 queat
1232 4277 1271 4321 t„
1289 4269 1345 4338 ipe,
1364 4269 1453 4337 atiquo
1472 4281 1604 4322 mommo
1626 4269 1754 4340 emporis
1772 4270 1880 4322 sereret
1901 4276 1976 4321 exer,
1998 4277 2053 4321 ree.

367 4359 514 4426 assignari,
533 4355 573 4407 uti
592 4362 633 4406 est
651 4347 970 4420 incendiumpertoasto
987 4345 1091 4415 aggeris
1109 4355 1134 4397 ct
1146 4345 1181 4397 si·
1235 4350 1374 4417 riturium,
1393 4353 1454 4422 quia
1474 4351 1627 4420 hujusmodi
1646 4361 1752 4421 tempus
1771 4362 1984 4406 momentaneum
1998 4367 2055 4404 nou

365 4445 458 4496 miles·
475 4441 515 4494 dd
537 4441 615 4493 telem
634 4448 720 4492 ocium
741 4436 765 4489 si
783 4437 872 4507 piures
890 4432 1084 4493 concurrerint·
1104 4431 1184 4483 ⁵imt¹l
1234 4447 1275 4490 est
1293 4437 1562 4503 inconsideratione,
1576 4437 1678 4506 utquis
1696 4438 1726 4490 in
1745 4455 1854 4507 poenam
1869 4435 1978 4488 incidat.
1991 4433 2053 4486 add.

368 4529 401 4580 de
418 4535 511 4580 eventa
532 4523 691 4578 tenebantur
710 4525 739 4574 in
760 4517 1034 4583 solidum,hactcnus
1053 4527 1082 4569 ut
1101 4517 1184 4586 siqni—
1236 4517 1354 4574 Barthol.
1373 4519 1517 4572 Bertaazul.
1540 4527 1600 4569 ιιι.
1621 4537 1647 4570 ιι.
1669 4529 1692 4570 ι.
1718 4529 1743 4571 ιι
1765 4535 1835 4587 seqq.
1855 4516 1982 4588 Quamvis
2001 4516 2052 4572 ltoc
2094 4547 2127 4589 ῃ

368 4614 430 4663 dem
448 4625 540 4663 omnes
558 4609 638 4660 timui
659 4603 934 4676 comprehendtssiuh
953 4603 1072 4672 stendit-³
1092 4601 1183 4654 ‘lemni
1235 4624 1295 4659 casu
1313 4606 1395 4673 judici
1413 4607 1523 4658 omnino
1535 4602 1757 4656 considerandum
1770 4605 1818 4666 sit,
1832 4619 1919 4656 aranon
1938 4601 1969 4652 in
1981 4599 2053 4654 irau-

366 4709 456 4764 partes
474 4691 573 4762 singuli
592 4689 685 4743 sarciri
703 4690 832 4754 debeant,
845 4698 883 4741 ast
895 4687 940 4739 ubi
956 4685 1067 4755 reliquis
1084 4686 1185 4755 elapsis
1234 4689 1293 4743 dem
1314 4690 1380 4758 legis
1399 4689 1449 4741 boo
1466 4705 1528 4740 nasu
1546 4689 1611 4758 quid
1632 4689 1822 4742 committatur.

365 4795 434 4830 unns
451 4778 585 4831 dumtaxat
611 4778 649 4828 sit
674 4773 899 4844 comprehensus,
920 4771 954 4825 ab
978 4771 1039 4841 ipso
1066 4771 1181 4825 solidum
1270 4772 1431 4842 Progredior
1447 4771 1480 4826 ad
1500 4771 1596 4826 delicta
1616 4772 1860 4844 publica,quoruua
1880 4771 2052 4842 primnmest
2092 4794 2125 4837 η

368 4865 452 4931 possit
469 4861 560 4930 exigi,
579 4860 641 4913 add.
661 4859 784 4913 l’uffeod.
801 4860 835 4912 de
848 4857 906 4927 jur.
924 4867 980 4911 ιιιι.
999 4865 1026 4911 ιι
1041 4867 1113 4926 gent.
1126 4855 1143 4907 i.
1158 4871 1182 4909 s·
1235 4860 1421 4914 homicidium.
1441 4859 1472 4911 lu
1491 4859 1541 4912 boc
1557 4857 1779 4913 considerandum
1799 4855 1934 4910 materiale
1951 4864 1977 4908 et
1997 4855 2053 4908 for·

367 4965 390 4998 c.
413 4962 435 4998 ι.
454 4953 477 5008 §.
497 4959 521 4998 s.
534 4945 569 4996 lit
587 4945 614 4997 in
634 4945 684 4997 boc
703 4941 794 4996 diflert
812 4942 946 5013 reparatio
963 4941 1055 4994 damni
1073 4940 1106 4992 ab
1123 4959 1183 4995 exa·
1236 4947 1318 5010 male,
1346 4945 1380 4996 de
1403 4963 1456 5014 quo
1481 4942 1552 4999 conf.
1576 4944 1622 4996 dn.
1649 4945 1738 4996 Strus.
1763 4958 1854 4996 eoeerc.
1880 4950 1925 4991 ts.
1949 4941 1986 4993 tls.
2007 4949 2051 4991 te.

366 5033 454 5084 ctione
473 5045 584 5100 poenae,
596 5033 666 5100 quod
685 5029 724 5082 ibi
744 5047 797 5082 uno
815 5030 932 5081 solvente
948 5027 1044 5095 reliqui
1065 5026 1181 5080 iiberen-
1235 5031 1307 5082 ilinc
1325 5030 1421 5083 medici
1439 5029 1549 5100 quidem
1569 5028 1722 5098 imperitia,
1741 5031 1781 5081 sel
1808 5025 1989 5095 negligentia,
2007 5025 2051 5075 in·

368 5127 499 5180 tur,cum
517 5115 587 5168 idem
608 5115 732 5167 damnum
752 5113 795 5165 bis
808 5113 923 5183 reparari
938 5129 1047 5177 aeqrrrm
1067 5113 1183 5176 nonsit,
1235 5112 1324 5176 firmi,
1348 5127 1393 5169 aut
1418 5114 1521 5168 domini
1547 5117 1623 5181 ejus,
1652 5129 1705 5164 non
1732 5114 1877 5182 imputatur
1901 5109 2053 5181 percussori

366 5201 431 5268 (etsi
450 5218 497 5270 per
516 5197 624 5252 modum
644 5215 742 5268 poenae
761 5197 789 5248 id
809 5213 862 5249 non
882 5213 942 5248 raro
960 5193 1024 5263 liat)
1037 5195 1081 5248 sed
1101 5204 1182 5246 ntso-
1235 5216 1282 5252 nec
1300 5206 1377 5268 auget
1395 5199 1521 5254 delictum
1541 5198 1600 5252 scil.
1612 5205 1642 5249 nt
1652 5207 1770 5251 teneatur
1790 5195 1941 5264 percutiens
1959 5194 1994 5246 de
2011 5208 2054 5248 oe·

367 5288 420 5340 lida
440 5303 523 5357 [mena
548 5283 687 5355 pluribus,
705 5282 751 5352 qui
778 5279 810 5332 ad
830 5280 901 5332 idem
922 5280 1025 5332 incitans
1042 5296 1181 5332 concurre·
1233 5282 1296 5333 uiso.
1315 5283 1453 5336 Caeterum
1474 5283 1496 5334 si
1510 5279 1687 5336 criminaliter
1705 5289 1781 5333 extra
1800 5279 1923 5333 ordinem
1944 5288 2051 5348 agatur,

367 5385 443 5437 runt,
462 5373 620 5440 infligatur,
639 5368 764 5439 frequens
783 5375 839 5431 est,
859 5366 929 5421 conf.
950 5369 1028 5421 zoes.
1046 5369 1083 5421 ud
1101 5363 1183 5435 titff.
1237 5376 1353 5433 enatarem
1381 5383 1412 5417 ex
1435 5375 1532 5421 eventu
1557 5365 1674 5435 sequiori
1693 5363 1837 5433 aagendam
1862 5380 1920 5416 esse
1939 5381 2052 5435 poenam

369 5459 408 5514 ari
423 5461 442 5510 i.
462 5457 547 5528 nqrril.
567 5473 593 5508 ιι.
614 5467 657 5510 tt·
676 5455 763 5507 Strus.
782 5470 826 5506 ee.
850 5461 891 5504 ιι.
910 5453 947 5503 tls.
969 5461 1011 5502 ιι.
1235 5451 1481 5506 ‹atr-ordinariam.
1500 5450 1567 5504 Nam
1587 5454 1610 5504 si
1631 5467 1663 5504 ex
1682 5451 1751 5503 malo
1770 5450 1901 5517 regimine
1923 5449 2052 5503 moriatur

300 5577 328 5616 2,
405 5547 555 5614 Sequuntur
579 5541 695 5594 crimina
717 5535 934 5593 extraordinaria.
961 5536 1016 5605 Qui
1039 5535 1182 5590 abortionis
1239 5537 1402 5598 vulneratus,
1422 5547 1522 5588 certam
1542 5537 1679 5606 est,qnod
1699 5533 1929 5606 ροιιιιοιιιίιιιιιίι
1947 5545 2053 5587 ιιοιιιι·

370 5639 414 5681 aot
430 5626 584 5680 amatorium
602 5627 725 5696 poculum
746 5623 821 5685 dant,
834 5631 861 5674 et
872 5619 896 5673 si
915 5619 975 5672 doio
995 5637 1048 5673 non
1067 5621 1185 5686 faciant,
1236 5632 1338 5673 nentur.
1358 5621 1409 5674 Sed
1427 5621 1489 5690 quia
1510 5631 1597 5674 tameo
1624 5622 1711 5689 prima
1736 5637 1812 5672 causa
1836 5627 1875 5671 est
1895 5618 2048 5680 ruioeraus,
2088 5637 2120 5678 ιι

370 5712 400 5764 b.
418 5729 439 5764 e.
459 5727 512 5764 non
531 5727 563 5765 eo
583 5711 673 5764 auimo
692 5709 770 5776 dent,
789 5718 817 5762 nt
833 5706 875 5772 is,
895 5707 938 5758 eui
958 5705 1049 5771 datur,
1069 5706 1122 5761 istu
1136 5723 1184 5776 po·
1235 5717 1356 5777 putarem
1382 5723 1564 5780 percussorem
1587 5707 1707 5777 gratiore
1733 5723 1817 5778 poena
1840 5703 2051 5758 extraordinaria
