4402 6284
376 222 409 285 55
765 255 768 260 -
961 213 1152 270 DlSi’ii'l'dT.
1170 215 1208 270 tt.
1225 215 1343 272 CAPUT
1359 217 1411 274 lli.
1876 257 1881 267 .
1926 219 1962 272 ιδ

318 319 402 391 Quod
419 319 471 373 lrac
489 315 518 370 in
535 325 618 387 parte
634 313 757 387 iniquum
773 325 830 382 est,
847 312 958 388 publica
975 312 1052 368 salus
1068 330 1141 367 cons·

343 412 454 475 pensat.
472 421 501 456 ιι.
522 413 564 457 ιι.

1189 313 1379 379 Germaniam,
1396 333 1475 386 qaam
1494 333 1508 366 s
1528 315 1612 370 Tncit.
1631 315 1664 371 de
1682 315 1782 372 rnoril.
1803 318 1934 374 German·
1946 335 1970 373 c.
1985 329 2010 372 ι.

1189 419 1216 454 ιι.
1240 409 1264 452 2.
1281 398 1461 467 describitur,
1475 400 1601 454 videlicet
1614 399 1758 456 informem
1778 404 1871 469 terris,
1885 422 2007 476 sspersm

316 489 410 544 Aliud
424 499 464 541 est
475 484 572 558 siquis
584 481 865 556 iudicialiterdicat,
885 499 914 537 se
932 481 999 536 uelle
1015 483 1139 538 deserere
1187 482 1277 546 nocio,
1301 480 1407 534 tristem
1432 483 1505 536 eotsu
1524 493 1704 556 aspectuque,
1732 485 1919 539 tradiderunts
1937 495 1967 539 ut
1984 485 2011 539 si

354 590 462 643 ugrum.
479 589 508 624 ιι.
527 582 571 624 ιι.

319 654 461 728 Confessio
470 655 611 726 iudicialis
630 653 777 727 confitenti
791 653 974 724 praeiudicat.
989 671 1016 704 ιι.
1030 663 1074 708 ιι.

319 745 400 814 erod
412 742 447 794 ab
460 740 542 794 initio
556 752 598 795 est
609 739 759 796 uoluntatis
771 758 808 796 esc
818 736 1013 810 postsuctofit
1025 731 1141 790 necessi·

322 835 526 980 Qiitirtictiir
539 905 667 979 surdum
690 907 917 980 patrimonialem
944 906 1080 960 desertum
1104 905 1142 958 od

339 995 524 1068 fertilitatem
546 995 663 1068 redigit,
688 993 766 1050 illum
783 1004 914 1067 perpetuo
927 991 992 1064 jure
1012 989 1140 1060 possidet.

351 1101 381 1134 ιι.
402 1091 445 1136 ιι.

353 1251 477 1322 obligata
496 1247 619 1319 accipit,
638 1249 667 1302 in
676 1246 803 1320 fiscalii.
827 1247 956 1302 oneribus
973 1245 1139 1300 sublevatur.

350 1353 379 1388 n.
399 1344 439 1388 ⁴2.

320 1419 462 1473 Graoatus
474 1418 502 1472 in
515 1435 570 1474 noo
579 1417 739 1476 relevandus
755 1429 796 1474 est
812 1417 841 1472 ιἰι
854 1417 922 1470 atio.
935 1433 964 1469 n.
977 1425 1017 1469 ss.

315 1505 379 1558 lion
396 1513 504 1559 tenetur
516 1503 648 1574 maiorem
667 1521 804 1558 canonem
823 1501 940 1567 soluere,
961 1495 1142 1574 quisundurn

352 1585 695 1656 desertamfirtilitsimum
711 1585 808 1659 efficit.
821 1605 848 1641 ιι.
869 1596 910 1638 tt.

314 1673 348 1728 di
358 1673 496 1728 alluvione
506 1683 623 1744 nugetur
632 1691 707 1742 ager,
718 1688 816 1728 ιιιιιιιι
828 1689 908 1744 quem
922 1679 1044 1739 augetur.
1056 1685 1085 1722 ιι.
1098 1675 1143 1720 ιι.

319 1757 495 1814 Contrarium
509 1757 592 1812 sentit
607 1759 702 1812 Perea.
716 1775 744 1809 n.
760 1765 800 1808 ιι.

318 1845 391 1913 Bp'us
393 1841 615 1912 fundamentum
632 1841 761 1913 primum.
779 1859 807 1894 ιι.
829 1848 871 1891 ιι.

319 1926 461 1996 ttejtctrur.
475 1945 504 1980 ιι.
520 1937 562 1979 ts.

317 2011 545 2066 Fundamentum
562 2010 721 2067 secundum.
737 2027 766 2064 ιι.
787 2019 829 2062 ιι.

319 2093 489 2147 Destruitur.
505 2111 531 2146 ιι.
546 2107 587 2146 ιι.

317 2179 416 2232 diores
429 2177 521 2248 Belgii
528 2213 536 2241 ,
555 2186 582 2228 et
598 2175 709 2230 uicinae
727 2173 890 2229 Gallionis·
905 2179 946 2223 ιι.

317 2261 351 2315 d'i
365 2261 465 2334 aliquis
481 2261 582 2332 priuati
597 2257 737 2313 commodi
754 2274 839 2311 causo
843 2253 973 2326 fundum
993 2249 1142 2314 meliorat,

319 2377 322 2382 -
354 2344 470 2411 pretium
490 2363 548 2398 non
566 2343 665 2414 perdit.
684 2361 710 2394 n.
732 2353 774 2394 ιι.

322 2429 380 2497 Qui
394 2445 447 2498 per
462 2427 610 2482 triennium
623 2428 714 2491 abest,
728 2427 815 2480 edicto
826 2435 948 2482 uocatur.
964 2441 990 2476 ιι.
1005 2432 1047 2474 tt.

316 2515 350 2572 tt
367 2535 426 2568 nan
444 2515 551 2580 ueniat,
566 2525 593 2569 et
605 2514 677 2568 nilril
687 2513 775 2582 ipsum
789 2512 938 2581 impediat,
951 2508 1014 2580 agri
1025 2501 1141 2561 uedua-

352 2601 428 2654 ribus
439 2601 548 2655 dentur.
564 2617 591 2652 ιι.
607 2608 648 2652 st.

314 2683 492 2753 Grnenerreg.
512 2682 707 2738 testimonium.
726 2701 752 2738 n.
773 2693 816 2736 ts.

319 2769 392 2837 Quid
404 2768 467 2836 iure
478 2766 557 2820 civili
567 2767 595 2821 ia
610 2786 676 2834 agro
691 2767 825 2822 inundato
840 2763 986 2819 obtineat?
1001 2779 1029 2813 ιι.
1044 2772 1086 2812 ts.

317 2855 351 2906 Ιιι
372 2850 527 2905 Ilallundia
543 2853 737 2922 agerneio-rur
748 2851 893 2907 derelictus
911 2851 957 2920 qui
973 2867 1024 2918 per
1041 2860 1081 2899 ιιι.
1094 2862 1144 2900 an·

356 2953 409 2990 nos
421 2934 598 3006 mersussuit.
612 2955 640 2991 ιι.
654 2950 697 2990 ιι.

317 3021 422 3081 Ibidem
433 3021 565 3093 piscando
574 3021 710 3092 possessio
724 3020 837 3077 retineri
844 3030 939 3093 potest.
954 3037 981 3072 ιι.
996 3031 1041 3071 ιι.

318 3107 454 3176 Princeps
477 3107 623 3160 terminum
648 3105 802 3179 praefigere
825 3105 948 3169 solebat,
965 3102 1039 3156 intra
1058 3117 1137 3172 quem

352 3206 521 3260 possessores
531 3207 613 3260 apros
623 3189 728 3244 siccare
736 3191 880 3247 delebant.
896 3207 923 3240 ιι.
936 3201 982 3243 ss.

320 3277 468 3346 Belgarum
487 3275 556 3328 lous-
571 3292 597 3327 rt·
614 3287 657 3328 en.

317 3365 367 3416 Art
382 3359 472 3416 adlauc
485 3359 565 3412 lsodie
577 3357 787 3412 euttitn'ttaear
804 3373 901 3432 opum
915 3357 1047 3410 desertum
1058 3349 1143 3406 'occa-

352 3446 445 3514 pare?
456 3462 484 3497 n.
497 3456 538 3497 st.
1037 3463 1042 3476 ·

322 3530 396 3599 Quid
404 3531 432 3582 in
445 3528 571 3584 Maronia
586 3527 712 3585 obtineat
725 3529 776 3583 lsac
788 3527 817 3580 in
831 3528 883 3582 re?
894 3547 922 3582 ιι.
939 3537 981 3580 ιι.

299 3658 303 3664 .
322 3613 395 3684 Quirl
406 3612 436 3666 in
447 3613 521 3669 areis
533 3613 632 3668 nocuis
642 3613 670 3666 in
685 3613 812 3668 Marclria
821 3611 915 3681 iuris?
928 3631 956 3665 ιι.
970 3623 1011 3666 st.

316 3698 450 3754 Edictum
464 3696 612 3754 electorale
625 3699 679 3752 lsac
692 3697 725 3752 de
738 3715 775 3750 re.
790 3715 816 3750 ιι.
834 3706 876 3748 st.

321 3783 391 3838 Jam
400 3785 591 3836 Romanorum
604 3781 769 3854 tersparibus
782 3776 950 3849 licitumsuit
961 3795 1044 3835 areas
1055 3779 1144 3834 deser»

353 3875 399 3920 tas
413 3882 558 3936 occupare.
570 3884 597 3919 ιι.
612 3879 655 3920 ιι.

320 3951 353 4006 di
364 3951 446 4006 lrodie
459 3949 487 4004 in
498 3949 614 4020 imperio
630 3946 798 4019 principatus
816 3947 938 4004 desertus
950 3947 1004 4014 sit,
1018 3948 1145 4019 atquem

352 4035 513 4103 pertineat?
532 4053 561 4088 n.
580 4048 624 4088 es.

323 4119 468 4191 Quomodo
486 4117 589 4174 crimen
607 4119 699 4174 laesae
713 4119 819 4192 majest.
831 4118 969 4189 puniatur
985 4117 1013 4172 irs
1040 4117 1144 4174 Gallia.

356 4221 385 4258 n.
400 4215 443 4258 07.

318 4285 352 4342 Si
368 4287 512 4360 contingat
528 4297 616 4340 morte
632 4287 776 4342 massari.
795 4305 823 4341 ιι.
844 4299 885 4342 ts.

324 4375 418 4440 Quare
430 4371 469 4426 od
480 4373 623 4442 inperium
637 4385 796 4428 revertatur.
812 4392 840 4426 ιι.
858 4385 900 4426 ιι.

320 4457 397 4510 Idem
416 4455 519 4510 obtinet
535 4456 562 4510 si
577 4457 612 4511 od
626 4459 802 4512 commissum
823 4457 915 4513 laesae
930 4455 1083 4528 maiestatis
1094 4455 1146 4510 cri-

356 4555 417 4592 men
436 4551 599 4595 evacuatur.
614 4559 639 4594 ιι.
656 4552 698 4595 to.

323 4621 489 4691 Exemplum
507 4622 537 4676 in
556 4624 654 4678 comite
677 4622 883 4678 Tattenlaclsio·
904 4642 932 4675 ιι.
953 4635 993 4677 ιι.

320 4705 404 4762 Jura
423 4707 550 4760 sereniss.
561 4707 670 4765 elector.
683 4708 886 4778 brandenburg.
901 4726 929 4760 ιι.
945 4721 987 4762 ιι.

330 4789 474 4856 Quomodo
486 4790 635 4859 imperator
644 4810 673 4846 se
687 4793 815 4848 abdicare
825 4791 934 4863 possiti
946 4811 975 4848 ιι.
989 4805 1032 4850 ta.

325 4873 468 4941 Quomodo
483 4877 564 4932 non?
581 4895 607 4932 ιι.
628 4888 669 4932 ιι.

324 4957 474 5027 Ecempla.
486 4977 515 5012 ιι.
530 4971 571 5012 ιι.

321 5040 551 5114 llarionerquare
562 5045 683 5102 Carolus
695 5049 726 5099 V.
734 5047 878 5119 imperium
891 5049 1050 5123 deposuerit.
1063 5069 1089 5104 ιι.
1104 5063 1146 5108 ιι.

274 5233 284 5275 ι
329 5165 438 5268 Dubio
463 5222 557 5280 caret,
583 5211 795 5285 prudentissime
813 5234 889 5286 egere
905 5219 1077 5293 prinoipem,
1101 5223 1147 5295 qui

327 5296 376 5348 soli
398 5297 437 5350 sui
459 5299 686 5370 oportunitntem,
705 5302 746 5354 sel
764 5301 935 5356 solitudinem
953 5306 1149 5378 diiigenterst-

329 5379 431 5434 tendit:
450 5393 480 5434 ιιι
497 5383 596 5436 nullam
611 5385 805 5454 portiunculam
821 5395 905 5442 terrae
918 5389 1046 5445 ineuttsm
1067 5394 1148 5448 relin-

326 5475 408 5532 qust,
428 5465 474 5519 sed
493 5466 611 5532 sterilia,
630 5467 747 5532 deserte,
761 5467 888 5526 'montoso
908 5483 933 5526 et
952 5478 1090 5546 syisestris
1107 5480 1148 5532 lo·

316 5563 359 5598 nn
379 5547 510 5602 industria
529 5567 573 5603 ιιιιι
592 5549 735 5618 loecnnds,
761 5563 788 5608 et
812 5557 881 5610 coita
901 5559 1013 5616 reddere
1032 5565 1148 5622 studeat:

275 5632 288 5674 ²
328 5631 364 5686 sd
383 5635 533 5708 exemplum
553 5635 770 5708 Germanorum,
795 5639 840 5712 qui
865 5642 941 5698 uobis
966 5646 1044 5718 longe
1068 5652 1147 5707 etism

1189 563 1242 618 ists
1261 567 1466 636 permitterent,
1487 565 1641 619 coruettum
1661 569 1782 623 Tacitum
1803 587 1834 624 ex
1854 568 1952 623 interis
1969 587 2012 624 re·

1189 663 1294 712 meare,
1307 657 1336 700 et
1349 648 1504 702 hodiernam
1518 661 1637 702 nostram
1649 651 1822 706 Germaniam
1841 654 1924 707 oculis
1935 669 2013 708 usur·

1188 749 1266 803 pare,
1285 752 1317 786 sc
1337 731 1449 802 scriptis
1466 733 1616 800 iilustrare,
1642 737 1720 806 longe
1744 737 1815 790 uliud
1844 737 1896 804 isra
1917 739 1953 790 sit
1971 736 2013 787 di·

1189 827 1303 879 murus,
1324 829 1351 872 et
1376 816 1534 890 scripturos.
1552 817 1669 889 Conser-
1697 822 1826 874 Hermen.
1849 819 1954 874 Lsther.
1978 820 2013 874 ds

1189 918 1263 957 cens.
1281 903 1300 953 l.
1321 917 1345 958 ι.
1362 922 1386 957 c.
1406 916 1431 956 s.
1451 921 1480 956 ιι.
1495 911 1519 953 s.
1538 913 1567 956 et
1587 915 1611 953 s.
1631 905 1678 956 Sin
1695 905 1760 955 oiim
1780 904 1957 957 massanissae
1968 921 1998 957 rs

1191 989 1232 1059 gis
1252 989 1358 1044 ilricse
1376 988 1469 1043 studio
1481 986 1607 1042 Numidis
1620 998 1648 1042 et
1662 987 1792 1043 Barbaria
1810 985 2013 1051 mediterraneo,

1191 1072 1302 1125 antehac
1319 1081 1391 1127 rests
1404 1085 1432 1126 et
1444 1073 1562 1135 deserta,
1577 1082 1705 1143 perpetuo
1715 1074 1832 1126 culturae
1843 1071 1941 1136 studio,
1955 1087 2013 1124 ers·

1192 1239 1311 1311 flagitat,
1329 1241 1447 1296 ubertim
1467 1238 1607 1296 effundens
1626 1242 1717 1294 Voles.
1741 1243 1812 1293 Mar.
1831 1239 1928 1294 dictor.
1935 1238 2011 1310 sacr.

1194 1328 1344 1382 memorab.
1363 1344 1386 1381 c.
1409 1338 1449 1380 ss.
1468 1325 1500 1378 Et
1520 1325 1591 1396 opud
1610 1327 1744 1378 Romanos
1763 1325 1813 1380 hoc
1830 1335 1950 1378 accurate
1966 1325 2014 1380 ob·

1192 1413 1357 1480 serrabatur,
1376 1412 1416 1466 sic
1434 1411 1510 1466 litio
1528 1421 1596 1466 teste
1611 1411 1668 1466 dcc.
1690 1427 1713 1465 ι.
1732 1409 1751 1462 l.
1774 1420 1797 1462 ι.
1809 1410 1866 1480 agri
1886 1426 1920 1463 ne
1938 1409 2012 1466 dese·

1192 1510 1285 1554 rantur
1302 1508 1369 1553 ests
1383 1499 1537 1569 magistratu
1551 1495 1786 1570 prospiciendum,
1804 1515 1835 1550 sc
1853 1495 1967 1566 proinde
1980 1513 2015 1550 us

1192 1584 1291 1638 sastics
1310 1583 1386 1654 ptelss
1398 1600 1447 1652 per
1457 1584 1538 1637 ollam
1551 1581 1716 1636 oocssiooens
1736 1580 1765 1634 iss
1779 1581 1872 1634 urbem
1890 1591 2009 1646 sonetur,

1191 1677 1237 1720 snt
1255 1668 1282 1720 in
1302 1685 1331 1722 ea
1351 1667 1522 1730 retinentur,
1547 1664 1633 1718 tames
1650 1668 1724 1718 enim
1744 1665 1874 1736 seqnitur.
1898 1666 1969 1718 flinc
1989 1665 2012 1718 si

1191 1753 1264 1822 spud
1284 1753 1347 1805 iilos
1364 1751 1463 1822 aliquis
1480 1768 1571 1818 surum
1599 1769 1677 1804 suum
1704 1767 1795 1821 passus
1815 1749 1902 1804 iuerat
1920 1750 2013 1804 sorde·

1192 1852 1281 1904 scere,
1299 1854 1412 1907 eumque
1430 1835 1607 1905 indiligenter
1633 1835 1755 1897 curabat,
1773 1854 1802 1888 se
1824 1853 1908 1904 neque
1926 1853 2015 1890 arare·

1193 1927 1248 1984 ιιι,
1267 1937 1354 1988 neque
1372 1929 1551 1988 purgares-ot,
1577 1921 1634 1973 sive
1651 1920 1712 1990 quis
1738 1921 1860 1974 arborem
1880 1938 1954 1974 susm
1973 1921 2013 1974 ui-

1191 2020 1320 2072 sseamqse
1338 2004 1463 2057 habuerit
1481 2004 1638 2069 derelictui,
1653 2022 1706 2058 nors
1726 2005 1754 2055 id
1774 2005 1833 2058 siue
1853 2023 1934 2074 pocus
1950 2004 2013 2075 luit,¹

1192 2084 1238 2136 sed
1257 2095 1314 2138 erut
1329 2103 1397 2157 opus
1415 2091 1768 2158 censoriurn,censoresque
1785 2092 1915 2144 serarium
1934 2089 2013 2144 iscir-

1192 2167 1274 2222 bsnt:
1305 2171 1371 2224 item
1395 2173 1418 2226 si
1441 2173 1502 2244 quis
1520 2191 1599 2244 eques
1622 2192 1765 2240 romanus,
1791 2192 1888 2245 equum
1914 2175 2013 2230 bebere

1189 2255 1380 2325 gracilentum,
1400 2272 1445 2314 sut
1464 2279 1554 2331 paruus
1576 2261 1692 2314 nitidum
1712 2261 1783 2314 risus
1800 2271 1878 2325 erut,
1903 2261 2013 2331 inspoli-

1193 2341 1244 2394 tine
1261 2342 1422 2410 notshstur,
1450 2343 1478 2395 id
1503 2344 1613 2398 terbum
1638 2341 1772 2414 significat
1797 2344 1872 2413 qussi
1893 2355 1921 2398 ιιι
1938 2345 2011 2400 dicas

1192 2426 1324 2494 incuriae,
1343 2429 1421 2483 serbe
1442 2440 1505 2482 sunt
1525 2431 1555 2484 t.
1574 2431 1644 2485 Geli.
1663 2440 1738 2484 noct.
1756 2430 1831 2484 attic.
1850 2431 1869 2482 l.
1889 2442 1914 2484 t.
1926 2449 1949 2485 c.
1971 2443 2012 2484 ιι.

1191 2513 1252 2568 ald.
1267 2514 1339 2567 Ptin.
1356 2513 1372 2565 l.
1398 2525 1437 2566 ιι.
1449 2532 1471 2568 e.
1492 2525 1516 2567 ι.
1531 2515 1666 2586 Kuipseb.
1690 2516 1725 2570 de
1743 2513 1846 2570 ciritat.
1858 2514 1949 2587 imper.
1959 2518 2015 2588 pri·

1191 2599 1269 2671 rileg.
1280 2610 1307 2654 et
1316 2597 1401 2667 jurii.
1411 2598 1459 2652 lid.
1474 2611 1499 2652 ι.
1510 2618 1568 2664 cap.
1587 2613 1628 2655 ιι.
1641 2616 1668 2654 ιι.
1683 2610 1725 2655 ιι.

1227 2683 1295 2740 Iasos
1311 2694 1412 2746 sutem,
1430 2701 1497 2755 quse
1513 2684 1598 2738 sdisue
1612 2698 1672 2739 sunt
1685 2686 1781 2742 inculte
1799 2694 1827 2739 et
1845 2683 1955 2748 deserta,
1966 2705 2012 2742 nc·

1192 2779 1323 2839 cupantur
1340 2771 1378 2821 ret
1397 2788 1411 2822 a
1426 2770 1541 2841 populo,
1561 2771 1601 2826 rel
1613 2771 1646 2824 ab
1660 2771 1706 2825 ttto
1717 2775 1762 2842 qni
1783 2773 1880 2842 populo
1897 2783 2011 2841 praeest,

1192 2854 1282 2920 quetis
1300 2855 1372 2906 locus
1390 2854 1476 2906 insula
1489 2855 1516 2906 in
1532 2856 1597 2908 muri
1612 2854 1729 2908 noudum
1740 2868 1865 2927 occupata
1882 2865 2012 2908 ιιιιιιιιιι.

1192 2937 1270 3005 Quod
1288 2937 1310 2989 si
1329 2938 1396 3008 quid
1418 2939 1563 2991 unis-esaim
1589 2951 1760 3010 occupatum,
1779 2941 1808 2992 in
1828 2939 1946 3010 singulos
1964 2939 2013 2992 dn·

1193 3020 1280 3074 minos
1297 3021 1460 3092 ‹tescrtpun
1481 3041 1534 3076 non
1553 3031 1609 3089 est,
1628 3035 1654 3076 st
1672 3042 1725 3076 nou
1745 3023 1805 3078 ideo
1825 3040 1933 3076 summm
1952 3041 2014 3076 cen·

1192 3107 1244 3160 seri
1264 3106 1354 3172 debet,
1374 3119 1463 3161 munet
1475 3109 1548 3160 enim
1563 3107 1591 3160 in
1606 3107 1726 3161 dominio
1745 3109 1825 3180 primi
1846 3107 2014 3176 occuqsstoris

1193 3201 1256 3261 puts
1275 3192 1367 3264 popuii
1386 3202 1429 3245 unt
1450 3193 1536 3260 regis,
1555 3191 1611 3244 sid.
1631 3195 1699 3260 Eug.
1718 3191 1797 3244 Grot.
1814 3191 1847 3245 de
1861 3189 1926 3258 Μ.
1945 3201 1972 3244 et
1986 3211 2013 3256 p.

1193 3278 1211 3330 l.
1231 3289 1254 3328 t.
1266 3297 1288 3332 c.
1302 3290 1326 3329 ι.
1339 3275 1362 3348 §-
1379 3287 1402 3328 t.
1421 3277 1453 3329 in
1474 3279 1522 3329 hoc
1541 3277 1618 3330 otiam
1643 3277 1738 3328 Veneti
1758 3290 1830 3326 suam
1850 3273 1962 3328 iussdusst
1980 3274 2013 3326 ii·

1195 3362 1341 3424 bertutem,
1368 3360 1572 3415 tundamentum
1591 3377 1651 3414 suec
1671 3357 1827 3413 intentionis
1846 3359 2015 3413 desumentes

1193 3447 1259 3497 escl.
1276 3458 1298 3498 ι.
1317 3446 1340 3511 §.
1362 3443 1492 3515 ruff-de
1504 3461 1579 3515 oper.
1595 3461 1662 3498 nou.
1682 3444 1804 3498 nunciat.
1821 3443 1934 3498 Dnnren.
1953 3445 1978 3498 d.
1997 3447 2014 3498 l.

1191 3551 1215 3586 c.
1237 3544 1262 3584 ι.
1281 3528 1306 3601 s.
1327 3542 1371 3583 ιι.
1389 3531 1475 3585 instit·
1493 3531 1570 3586 der.
1588 3530 1614 3584 d.
1634 3527 1652 3580 l.
1673 3542 1697 3580 s.
1714 3525 1872 3596 pnffleod·
1893 3529 1911 3580 l.
1932 3525 2013 3600 tufi.

1193 3619 1241 3673 ult.
1258 3619 1539 3688 ff.dea.r.d.li1srt.
1552 3615 1728 3684 deiurisdp.
1746 3613 2014 3667 normantia·

1192 3703 1231 3756 ris
1247 3705 1335 3758 adtern
1352 3703 1491 3756 dominum
1504 3701 1692 3768 imperatorem
1706 3715 1763 3750 rese
1776 3699 1955 3750 cosumuniter
1967 3713 2014 3752 ne·

1193 3799 1255 3857 gant
1273 3787 1320 3842 dd.
1338 3789 1366 3840 iu
1385 3788 1404 3839 l.
1424 3799 1448 3838 s.
1457 3783 1499 3854 ff.
1517 3785 1591 3840 adl.
1609 3784 1698 3838 lidod.
1718 3781 1752 3834 de
1759 3781 1836 3852 suct.
1850 3782 1928 3852 Quod
1939 3799 2014 3854 prse-

1193 3872 1288 3926 sertim
1308 3873 1351 3926 itti
1372 3871 1529 3924 indubium
1548 3879 1656 3934 rocsnt,
1674 3867 1771 3937 quibus
1791 3876 1909 3919 astruere
1921 3866 2015 3937 placet,

1195 3975 1267 4011 snure
1286 3958 1409 4028 occupari
1429 3972 1482 4010 non
1501 3971 1592 4028 posse,
1610 3953 1644 4006 de
1661 3971 1711 4022 qus
1730 3952 1859 4065 seuteqtis
1872 3950 1924 4006 sid.
1936 3951 2015 4006 Grot.

1193 4042 1224 4095 in
1243 4051 1276 4094 tr.
1295 4041 1328 4094 de
1347 4056 1416 4094 mar.
1434 4039 1512 4094 liber.
1529 4048 1557 4092 et
1573 4041 1607 4092 dr
1621 4037 1644 4107 ι’.
1662 4037 1688 4090 b.
1706 4046 1774 4104 etp.
1792 4036 1811 4087 l.
1833 4046 1929 4102 Μαι.
1950 4046 1973 4086 ι.
1993 4042 2015 4098 ς.

1195 4140 1219 4181 ι.
1238 4127 1288 4181 cut
1307 4145 1335 4180 se
1351 4126 1480 4197 opposuit
1498 4123 1606 4178 Seiden·
1618 4123 1646 4176 irs
1667 4133 1701 4176 tr.
1714 4121 1747 4175 de
1765 4137 1835 4173 mar.
1848 4121 1932 4173 olaus.
1945 4118 2014 4172 Con·
2103 4183 2111 4192 Ι

1194 4210 1242 4264 ier.
1258 4211 1380 4264 Pudenti.
1395 4211 1413 4264 l.
1427 4222 1451 4263 ι.
1463 4227 1486 4264 c.
1501 4221 1526 4263 ι.
1539 4205 1596 4279 §.n
1608 4224 1680 4278 seqq.
1695 4205 1741 4278 qui
1755 4217 1905 4276 arguments
1920 4205 2016 4258 utrius·

1193 4312 1244 4366 qne
1263 4294 1346 4368 postis
1363 4293 1479 4350 adducit.
1498 4293 1551 4348 set
1571 4293 1628 4364 ipss
1646 4293 1673 4345 d.
1691 4291 1717 4344 l..
1733 4301 1757 4342 ι.
1768 4289 1871 4356 obstat,
1882 4307 1947 4360 quse
1961 4291 2016 4342 suit

1195 4381 1462 4450 imperatoremesse
1480 4376 1573 4432 usundi
1592 4375 1747 4439 dominum,
1759 4384 1786 4428 rt
1803 4375 1894 4427 otonis
1912 4372 2014 4443 princi·
2062 4409 2064 4414 -

1194 4465 1236 4535 pis
1249 4482 1307 4518 esse
1320 4463 1339 4516 l.
1355 4477 1377 4516 ι.
1390 4481 1414 4515 c.
1427 4464 1460 4516 de
1472 4460 1615 4533 quadrien.
1626 4458 1785 4530 praescript.
1798 4459 1817 4511 l.
1835 4469 1857 4510 ι.
1870 4459 1931 4513 nde
1946 4469 2014 4526 rapt.

1194 4548 1290 4620 virgin.
1313 4547 1332 4600 l.
1355 4547 1568 4614 properandum.
1591 4556 1630 4598 ιι.
1648 4543 1677 4598 in
1693 4561 1735 4615 pr.
1760 4561 1782 4596 c.
1802 4541 1836 4596 de
1853 4543 1940 4613 iudic-
1956 4543 2014 4596 lmo

1195 4651 1273 4697 eum,
1290 4632 1337 4702 qui
1361 4633 1428 4686 hano
1447 4628 1608 4684 sententiam
1628 4644 1683 4681 nou
1702 4625 1839 4697 seqnitur,
1859 4623 1958 4680 Bartol.
1978 4625 2018 4682 ad

1193 4718 1213 4772 l.
1233 4719 1332 4771 lsostes.
1344 4735 1373 4770 ιι.
1388 4728 1411 4768 ι.
1420 4713 1463 4784 ff.
1481 4714 1512 4768 de
1531 4710 1630 4775 captio.
1644 4721 1670 4766 et
1680 4709 1799 4780 postlim.
1813 4725 1909 4762 revers.
1922 4709 2015 4764 haere·

1198 4806 1280 4860 ticum
1297 4805 1421 4875 appellet.
1445 4805 1475 4855 1ἰ
1494 4801 1628 4854 liostiens.
1646 4800 1684 4853 ad
1700 4817 1723 4852 c.
1742 4795 1922 4852 uenerabilem
1939 4815 1970 4850 κ.
1982 4799 2015 4852 de

1195 4893 1271 4949 elect.
1288 4891 1368 4946 satem
1388 4887 1537 4942 mortaliter
1557 4903 1666 4956 peccare
1684 4884 1740 4949 sit,
1758 4879 1863 4952 corfisr.
1884 4881 1961 4936 Peck.
1978 4883 2018 4938 ad

1195 4981 1222 5034 d.
1240 4979 1259 5034 l.
1279 4989 1304 5031 s.
1323 4996 1351 5030 n.
1371 4987 1395 5028 t.
1411 4971 1586 5047 conpitique
1603 4970 1686 5024 Vinn.
1699 4970 1738 5024 lit.
1756 4969 1781 5022 l.
1793 4986 1867 5039 seqq.
1880 4967 1911 5022 Et
1924 4987 2017 5040 quom·

1197 5063 1238 5118 vis
1256 5061 1355 5116 merito
1373 5059 1515 5113 dicendum
1534 5057 1584 5109 troc
1601 5073 1650 5127 per
1668 5070 1804 5108 excessum
1822 5061 1868 5106 snt
1885 5054 2017 5108 excelten-

1199 5149 1280 5214 tisus3
1298 5166 1349 5219 pro
1368 5145 1466 5198 mundo
1485 5160 1597 5198 romono
1614 5141 1716 5193 dictum
1735 5155 1809 5203 esse,
1826 5135 1880 5192 rid.
1897 5137 1973 5193 Grot.
1985 5137 2017 5194 de

1192 5236 1215 5307 p'.
1235 5236 1260 5289 l.
1279 5245 1305 5290 et
1322 5255 1347 5302 p.
1366 5236 1382 5287 t.
1404 5244 1427 5284 ι.
1446 5249 1469 5283 c.
1491 5241 1532 5281 ss.
1551 5235 1573 5292 t.
1596 5240 1637 5282 ss.
1654 5225 1716 5281 add.
1737 5227 1789 5278 nn.
1808 5225 1893 5296 ztegt.
1910 5225 1949 5278 ad
1959 5226 1985 5279 d.
1996 5227 2017 5290 l;

1197 5317 1273 5373 verb.
1290 5335 1342 5385 per
1358 5316 1533 5384 eompleeum
1553 5324 1580 5368 et
1598 5311 1706 5364 Artiusr.
1726 5309 1811 5363 Dask-
1823 5311 1856 5364 de
1866 5325 1917 5366 usu
1927 5319 1954 5364 et
1965 5327 2017 5364 ass·

1197 5403 1338 5472 tlsor.1'ur.
1356 5401 1427 5454 civil.
1445 5417 1553 5453 mman.
1571 5399 1591 5450 l.
1611 5408 1635 5448 ι.
1653 5415 1675 5450 c.
1692 5408 1715 5449 ι.
1727 5401 1749 5459 ς.
1765 5405 1790 5450 ι.
1807 5412 1879 5466 seqq.
1891 5394 1938 5464 qui
1959 5393 2017 5450 inse

1199 5484 1249 5537 hnc
1269 5493 1373 5538 tractat.
1392 5487 1479 5538 Voces
1498 5485 1570 5536 euim
1591 5483 1639 5536 isne
1659 5480 1773 5543 mundi,
1800 5481 1889 5545 orbis,
1908 5490 1955 5534 etr.
1975 5497 2017 5532 re·

1198 5569 1367 5640 stringendus
1386 5569 1498 5624 suntad
1517 5587 1575 5621 eom
1594 5565 1685 5620 mssndi
1701 5577 1819 5634 purtem,
1838 5563 1880 5618 cui
1899 5561 2017 5634 presidis

1198 5653 1358 5728 imperator,
1376 5665 1405 5709 et
1423 5653 1455 5708 ad
1474 5653 1584 5721 orbem,
1602 5652 1647 5724 qui
1667 5650 1733 5708 alibi
1751 5667 1811 5706 sum
1836 5647 1955 5722 epitheto
1973 5645 2016 5725 di·
