4442 6308
201 283 250 347 iob
641 289 690 344 DE
708 287 826 344 ABUSU
844 287 946 344 tutus
966 285 1011 344 EX
1029 288 1250 360 PRiVleGlO,
1269 309 1331 351 erc.
1370 339 1372 344 .
1726 299 1777 366 dni

114 406 124 446 a
156 383 221 449 slus,
239 381 336 436 divido.
353 381 413 438 lton
431 382 540 456 quidem
566 387 677 466 ignoro,
697 401 776 440 omne
794 385 963 456 privilegium
1051 388 1430 465 Privilegiispecialis,quod
1451 413 1498 469 pcc
1515 397 1674 468 rescriptum
1695 400 1827 472 principis
1869 408 1898 450 tt

154 478 266 538 respectu
288 469 380 522 habito
398 469 432 522 ad
450 471 661 540 obligationem,
677 489 727 542 qua
746 487 839 524 omnes
856 471 889 524 ad
910 485 964 522 non
1015 468 1148 540 indulgeri
1168 476 1249 540 solet,
1269 479 1387 548 jurisque
1406 497 1440 534 es
1458 499 1490 535 eo
1507 485 1621 554 quaesiti
1639 485 1736 538 abusus
1754 503 1825 540 cosn-

152 551 344 624 impediendum
359 555 428 608 illnd
441 557 665 624 constringuntur,
680 573 737 622 esse
751 557 872 625 gencrale
882 574 889 612 t
901 573 964 610 con·
1014 556 1129 611 mittitur
1147 561 1189 612 ecl
1207 559 1235 610 in
1255 561 1441 632 impetrando,
1464 567 1503 619 vel
1522 566 1550 618 in
1564 568 1670 621 utendo.
1685 568 1827 637 Privilegia
1867 580 1896 622 12

150 649 185 694 tra
208 639 232 692 si
251 639 404 692 consideres
422 643 609 704 commodum,
628 641 697 712 qnod
717 657 750 692 ex
769 640 911 710 privilegio
929 639 961 692 ad
1013 657 1027 688 a
1047 640 1171 712 principe
1188 646 1364 700 conceduntur
1383 650 1421 702 rel
1440 661 1513 703 motu
1533 652 1658 721 proprio,
1673 656 1713 706 vel
1726 651 1757 705 ed
1770 671 1830 724 pre-

152 739 228 776 nuntu
248 723 286 776 vel
302 741 400 794 paucos
418 723 563 790 redundat,
580 743 662 780 omne
679 727 792 796 speciale
809 726 962 791 dicendum,
1012 739 1055 778 ces
1072 727 1252 797 supplicantis.
1271 731 1346 785 Circa
1364 735 1442 786 illum
1462 736 1626 806 impetrandi
1654 737 1780 802 modum,
1800 736 1826 789 ei

151 815 203 860 tum
221 807 323 860 ratione
342 824 436 862 caune
453 805 622 875 efficientis,
644 819 698 864 tum
719 809 822 864 ratione
841 827 963 880 persona·
1014 821 1098 864 motus
1123 815 1250 882 proprius
1274 833 1367 882 serus,
1388 835 1442 871 nou
1467 818 1609 872 simulatus
1632 820 1673 873 vel
1692 819 1829 874 affectatus

29 915 31 958 2
108 915 120 954 s
151 910 220 957 rum,
238 893 416 964 qnibneillnd
434 894 960 967 conceditur,esistimo.Generalepri·
1012 895 1068 963 eit,
1088 899 1176 950 nuilus
1200 899 1309 970 quidem
1334 903 1432 954 alluens
1457 902 1635 972 impetranti,
1652 902 1720 956 bene
1740 913 1827 956 tamen

152 977 271 1046 vilegium
292 996 370 1044 voco,
388 980 457 1050 qnod
476 997 508 1033 es
526 984 585 1050 jure
605 981 682 1035 civili
698 980 824 1034 omuibus
837 982 867 1033 in
880 1000 908 1036 ea
922 1000 961 1036 re·
1009 982 1161 1036 concedenti
1181 983 1308 1053 imputari
1329 987 1437 1056 poterit.
1457 987 1521 1040 inde
1534 988 1556 1039 si
1571 988 1699 1058 princepe
1717 987 1827 1058 privile·

149 1063 217 1135 publ.
235 1063 265 1117 in
282 1083 334 1134 qna
352 1064 421 1119 illud
439 1078 573 1137 receptum
592 1081 649 1135 est,
670 1069 711 1123 vel
732 1069 767 1122 ob
785 1069 901 1122 levorem
920 1085 959 1120 sc·
1010 1067 1084 1134 glum
1101 1067 1257 1135 largiretur,
1276 1070 1344 1138 quod
1364 1070 1404 1122 ael
1422 1070 1475 1138 jnri
1496 1071 1631 1134 naturali,
1650 1079 1695 1123 aut
1714 1069 1827 1133 diuino,

149 1165 208 1215 sua,
225 1149 266 1204 vel
283 1151 380 1204 aetatis
396 1153 438 1206 vel
456 1151 582 1206 utilitatis
602 1153 725 1224 publicae
742 1155 836 1219 datur,
857 1151 960 1224 hocque
1008 1161 1053 1202 aut
1065 1160 1136 1218 gent
1150 1150 1300 1220 derogaret,
1318 1153 1415 1222 quibus
1435 1163 1521 1206 tamen
1541 1152 1693 1222 principem
1714 1153 1828 1205 minime

107 1239 118 1276 1
149 1250 197 1286 nou
213 1233 305 1305 inepte
328 1235 480 1306 legitimum
497 1239 537 1294 vel
555 1239 640 1308 legale
656 1239 847 1310 appellaverie;
865 1239 956 1309 singn-
1008 1233 1132 1302 derogare
1151 1251 1226 1306 posse
1245 1237 1273 1288 in
1291 1237 1429 1306 propatulo
1454 1247 1512 1301 est,
1536 1237 1577 1289 sel
1599 1236 1679 1288 saltui
1704 1236 1828 1306 publicae

146 1319 211 1385 latu,
228 1321 300 1390 qnod
313 1337 345 1374 ex
360 1322 470 1389 speciali
488 1324 621 1395 principis
638 1325 679 1377 rel
698 1327 771 1392 ejus,
784 1341 865 1396 penes
879 1343 956 1395 quern
1008 1319 1172 1370 contrarium
1197 1329 1286 1381 esset,
1307 1320 1346 1370 rel
1365 1319 1389 1370 ai
1408 1319 1437 1370 in
1457 1336 1582 1388 magnum
1602 1319 1675 1372 tertii
1697 1320 1826 1372 damnum

145 1404 172 1454 in
188 1421 245 1473 rep.
264 1421 369 1459 summa
383 1415 501 1475 potestas
522 1408 635 1475 residet,
648 1410 794 1479 rescripto,
812 1408 882 1478 quod
900 1427 958 1478 gn.
1008 1413 1055 1454 aut
1074 1403 1201 1470 injuriam
1221 1402 1356 1467 tenderet,
1375 1401 1547 1471 privilegium
1561 1400 1629 1454 illud
1648 1401 1746 1456 nullius
1759 1405 1828 1457 valo·

146 1487 194 1541 tiae
205 1505 296 1544 vocare
308 1491 492 1562 rescriptoqne
508 1493 629 1560 institiae
645 1494 902 1563 contradictinguere
916 1511 957 1546 so-

105 1597 113 1635 ,
144 1572 208 1637 leot,
221 1575 395 1643 permittitur.
409 1575 440 1628 lu
453 1588 565 1649 utruque
579 1579 624 1632 ubi
636 1579 793 1633 commissus
804 1579 885 1634 luerit
897 1580 955 1634 abu·

146 1676 199 1724 ens,
217 1661 305 1714 boum
318 1663 415 1718 babere
427 1665 584 1738 privationis
603 1684 727 1736 poenam,
740 1666 876 1721 manifesti
889 1670 958 1736 juria

146 1760 199 1799 esee
216 1757 292 1817 patet
305 1763 337 1802 ex
357 1750 375 1801 1.
390 1763 415 1802 2.
432 1761 459 1803 et
474 1763 497 1803 t.
510 1770 531 1804 e.
546 1753 579 1805 de
591 1753 762 1823 aquaeductu
773 1753 818 1804 tit.
833 1766 870 1805 tt.
884 1753 901 1804 l.
908 1753 958 1825 ju·

146 1829 231 1884 dacos.
254 1842 298 1884 11.
310 1849 333 1885 c.
343 1832 377 1886 de
385 1835 495 1906 judaeis
507 1847 533 1890 et
544 1837 664 1891 coeb'col.
676 1855 734 1908 cap.
752 1849 791 1889 12.
804 1839 839 1890 Χ.
853 1839 885 1890 de
896 1857 956 1891 cen·

142 1912 188 1966 sid.
199 1931 258 1984 cup.
282 1925 306 1969 t.
319 1935 378 1988 cup.
397 1931 437 1979 11.
449 1937 507 1991 cap.
521 1931 551 1973 ut
560 1919 711 1992 prtbilegr'a·
727 1932 769 1974 12.
783 1923 816 1975 Χ.
828 1925 862 1976 de
876 1926 957 1994 prebi-

141 1997 188 2068 leg.
197 2010 223 2052 et
233 2003 365 2056 accessit.
378 2005 543 2074 privilegius.

100 2092 110 2130 t
176 2084 350 2156 Privilegiie,
375 2107 442 2159 qnae
465 2107 543 2158 saepe
568 2088 650 2144 etiam
676 2085 868 2142 berseliciorum
889 2091 957 2157 juris

139 2170 243 2223 minine
271 2172 403 2240 veniunt,
422 2189 456 2224 ex
474 2174 532 2240 jure
551 2171 625 2226 cirili
651 2171 865 2244 competentibus
891 2173 956 2226 abn-

139 2264 223 2308 tuutur
248 2256 312 2321 illi,
336 2256 383 2326 qui
408 2257 592 2311 fraudulenter
609 2277 641 2312 ac
659 2258 747 2327 specie
772 2258 905 2329 privilegii
927 2259 955 2312 in

138 2341 245 2395 alterins
270 2343 399 2397 damnum
424 2355 516 2399 contre
540 2345 708 2416 propositum
733 2363 876 2416 rerumque
899 2349 956 2414 ejus

138 2421 215 2479 burm
235 2445 269 2480 eo
289 2437 416 2491 utuntnrs
435 2430 472 2481 its
491 2438 538 2494 ut,
559 2447 618 2482 cum
639 2447 686 2502 per
703 2429 813 2484 abusum
834 2447 861 2484 se
880 2432 953 2485 indi·

136 2527 200 2578 puoe
218 2511 335 2566 reddant
352 2509 501 2580 beneficio,
520 2533 552 2568 eo
571 2527 640 2570 recte
657 2516 811 2588 prirentur:
828 2517 956 2590 inprimis

134 2613 190 2648 cum
210 2613 264 2649 non
287 2597 390 2650 soleant
406 2600 464 2666 jura
484 2609 574 2654 nostra
592 2601 800 2671 decipientibus,
814 2605 861 2657 sed
880 2604 954 2658 dece·

134 2679 187 2749 ptis
202 2689 308 2734 tantum
328 2697 481 2737 succurrere
495 2685 514 2735 l.
529 2694 553 2735 2.
568 2691 589 2748 ς.
605 2697 629 2737 2.
640 2681 673 2752 ffi
685 2687 722 2738 od
731 2695 778 2738 eet.
791 2687 882 2756 nellej.
895 2688 913 2738 t.
930 2698 955 2742 2.

136 2783 157 2820 c.
169 2769 194 2818 ri
211 2769 311 2820 minor
319 2784 348 2820 se
360 2768 456 2838 major.
474 2769 532 2823 ctae.
552 2789 575 2824 c.
593 2781 618 2822 2.
635 2773 669 2823 Χ.
688 2771 721 2826 de
739 2770 835 2826 denuc
854 2775 952 2826 Mulie-

135 2851 157 2904 ri
173 2853 206 2922 pb
224 2868 308 2906 sexus
325 2853 535 2908 imbecillitatem
554 2857 612 2924 jura
632 2856 725 2910 multia
744 2859 832 2912 modis
855 2859 949 2916 sobre·

133 2939 221 2991 ciunt:
241 2937 387 3009 praecipue
404 2937 449 2990 ubi
470 2940 508 2994 vel
529 2957 577 3010 pro
597 2941 694 2994 marito
706 2943 748 2994 vel
764 2959 813 3012 pru
825 2954 952 3000 extraneo

133 3021 296 3087 intercessit,
310 3041 368 3076 eam
381 3040 430 3094 per
444 3021 604 3077 beneficium
623 3026 673 3079 seli
694 3027 778 3097 vettej.
791 3028 950 3098 obligationi

132 3107 293 3172 eximendo,
311 3105 344 3160 de
361 3126 412 3177 quo
430 3116 479 3160 tot.
496 3111 538 3162 tit.
548 3107 590 3178 ff.
607 3121 634 3164 et
651 3113 710 3168 cod.
731 3116 831 3167 Verum
851 3117 874 3168 ei
895 3135 951 3170 ran·

131 3191 179 3244 lier
201 3194 301 3263 turpis·
321 3191 388 3246 lucri
412 3209 460 3262 spe
483 3207 623 3262 corrupte,
642 3207 751 3266 accepto
774 3213 827 3252 nco
846 3200 953 3254 modico

131 3278 212 3348 pretio
229 3277 328 3348 (quod
356 3276 474 3348 prudens
498 3276 579 3346 judea
605 3276 808 3351 arbitrabitur)
827 3297 884 3335 sese
901 3301 951 3354 pro

131 3361 180 3414 alio
196 3361 375 3430 obligaverit,
396 3361 459 3431 inq,
478 3362 519 3416 rel
536 3377 569 3414 ex
589 3363 647 3432 ipso
664 3363 848 3434 obligationis,
865 3368 905 3420 sel
918 3385 950 3422 es

130 3455 251 3517 separato
271 3445 468 3511 instrumento,
487 3446 568 3500 trium
594 3458 682 3499 tamen
706 3448 812 3501 testium
833 3451 950 3504 subseri·

131 3531 217 3598 ptionc
237 3529 363 3594 munito,
381 3541 499 3596 constet,
518 3531 616 3584 trustra
635 3552 651 3585 a
669 3531 803 3585 creditore
822 3546 949 3589 conuenta

130 3616 222 3669 mulier
242 3614 380 3670 invocabit
401 3615 530 3669 auxilium
550 3617 616 3681 acti,
643 3634 695 3686 quo
712 3618 790 3670 abusa
810 3629 865 3684 est,
886 3621 949 3674 dum

130 3701 347 3770 augustissimum
370 3710 475 3754 senatus
500 3696 659 3752 beneficium
686 3705 838 3754 nummario
864 3706 951 3774 pretio

130 3787 298 3852 aestimavit,
322 3785 402 3838 modo
419 3784 517 3838 mulier
537 3799 590 3836 non
610 3782 699 3837 dolose
716 3784 749 3838 ad
768 3787 949 3857 accipiendam

130 3873 272 3940 pecuniam
292 3870 402 3923 inducta
421 3867 521 3930 inerit,
541 3867 594 3921 vid.
614 3868 632 3920 1.
650 3869 854 3938 antiquarunt.
872 3890 894 3925 c.
915 3875 953 3926 ud

129 3967 172 4007 act.
191 3957 282 4030 oeliej·
301 3965 328 4008 et
345 3953 390 4008 dn.
410 3954 555 4006 Brnnncm.
570 3951 607 4004 nd
627 3955 718 4007 eumd·
736 3971 786 4006 neo
804 3973 858 4008 nou
878 3957 918 4010 nd
932 3959 948 4012 1.

133 4052 170 4094 tc.
184 4059 213 4093 rr.
229 4052 254 4093 2.
268 4037 388 4110 seppff.
400 4039 461 4092 eod.
473 4037 518 4090 dn.
532 4040 621 4094 Praee.
635 4039 665 4088 in
675 4039 804 4104 praelect.
824 4044 898 4108 publ.
915 4045 950 4098 de

130 4127 221 4179 enutri.
242 4135 377 4179 contrane.
399 4141 495 4176 neceas.
514 4134 578 4176 sect.
595 4131 619 4172 ².
632 4139 655 4174 c.
670 4135 694 4175 e.
707 4130 729 4185 t.
746 4135 786 4177 tc.
799 4125 840 4176 0b
853 4129 949 4181 aetatis

128 4209 262 4264 lubricum
283 4208 435 4264 minoribns
452 4203 612 4262 beneficium
631 4209 813 4264 restitutionis
831 4211 859 4264 in
880 4213 947 4267 inte·

130 4313 205 4364 grum
220 4295 359 4348 indultum
377 4304 435 4358 est,
452 4293 497 4346 sed
517 4294 552 4346 iis
571 4295 670 4357 solnm,
684 4295 731 4364 qni
744 4314 775 4348 eo
789 4309 857 4350 recte
871 4311 951 4352 ntun-

131 4391 179 4436 tur.
200 4377 277 4451 Quid
297 4381 319 4433 si
339 4397 402 4434 vero
421 4379 525 4443 minor,
539 4391 674 4450 postquam
694 4383 895 4436 contrahentem
910 4403 951 4438 se·

130 4481 205 4530 enm,
224 4463 401 4518 asseverando
419 4481 445 4518 se
465 4465 593 4532 majos-ern
611 4480 684 4528 esse,
702 4467 851 4535 deceperit,
865 4470 896 4521 ad
917 4470 948 4522 il·

127 4550 171 4602 lud
189 4567 329 4606 recurrere
353 4552 436 4618 velit,
461 4551 566 4604 unllam
586 4552 619 4605 ab
638 4552 688 4604 boc
712 4549 861 4619 beneficio,
880 4558 949 4626 quod

130 4651 176 4704 pcc
194 4635 309 4690 abneuvn
328 4651 357 4688 se
375 4635 505 4706 prlrsvit,
526 4651 633 4708 sperare
651 4639 750 4706 poterit
762 4639 880 4692 levamen
895 4641 911 4690 1.
927 4654 951 4695 2.

130 4731 155 4772 et
165 4733 188 4774 2.
201 4739 224 4774 c·
238 4723 267 4774 εἰ
278 4719 372 4774 minor
386 4737 417 4774 se
429 4719 530 4794 major.
543 4719 600 4773 dia.
616 4722 634 4773 1.
656 4733 679 4772 ⁵.
699 4737 721 4773 c.
739 4723 779 4774 aad
793 4735 839 4776 set.
858 4726 948 4799 vellej.

133 4805 237 4872 Quibus
251 4814 340 4857 antem
354 4804 459 4858 casibus
477 4803 504 4856 id
525 4802 618 4870 lallat,
638 4802 719 4857 tradit
736 4805 808 4860 Gall.
822 4809 841 4858 l.
855 4818 878 4861 t.
892 4811 948 4863 obs.

133 4901 173 4940 st.
192 4891 248 4943 Dn.
267 4889 414 4944 annnem·
434 4889 472 4943 nd
487 4891 513 4943 d.
532 4890 550 4942 1.
573 4900 595 4942 t.
614 4907 638 4941 c.
650 4892 677 4940 si
693 4893 787 4944 mrbor
805 4909 835 4946 se
854 4897 947 4965 major.

130 4971 187 5026 cte.
201 4973 245 5028 Ob
264 4973 405 5028 utilitatem
425 4974 540 5044 denique
559 4973 691 5044 publicem
711 4977 845 5046 singulare
863 4981 948 5048 privi-

130 5057 226 5125 legium
248 5059 384 5113 indultum
402 5071 459 5115 erat
476 5060 528 5125 iis,
546 5060 592 5130 qui
612 5061 774 5131 reipublicae
791 5079 867 5118 causa
885 5067 945 5120 abe·
998 5065 1208 5135 indignationem
1224 5060 1355 5132 principis
1367 5059 1570 5123 substinebunt,
1584 5061 1745 5131 caeterisque
1757 5058 1822 5115 lient

996 5151 1130 5206 uindictae
1147 5159 1173 5201 et
1192 5147 1348 5202 temeritatis
1371 5150 1522 5217 exemplum
1540 5165 1593 5218 per
1609 5148 1628 5202 1.
1648 5159 1673 5201 2.
1691 5165 1716 5202 c.
1736 5147 1760 5200 d.
1780 5147 1821 5200 tit.
1891 5199 1893 5202 .

131 5155 205 5208 rant,
227 5154 259 5196 nt
276 5145 335 5198 scil.
353 5153 491 5216 postquam
512 5144 610 5198 reversi
630 5154 734 5210 essem,
754 5147 834 5199 nnius
851 5151 913 5202 anni
934 5169 947 5203 a

133 5227 288 5282 muneribus
306 5229 491 5300 personalibus
510 5228 640 5282 baberent
658 5230 824 5284 vocationem
843 5233 866 5298 §.
887 5243 909 5284 2.
921 5235 949 5306 j.

131 5311 162 5366 da
178 5327 291 5370 canuam.
310 5327 394 5370 tutor.
412 5319 512 5370 Verum
524 5316 547 5368 si
560 5315 696 5386 expeditis
712 5319 766 5386 jam
785 5318 948 5388 reipublicae

131 5401 246 5469 negotiis
261 5403 358 5456 reaerti
379 5400 554 5466 differebant,
565 5411 595 5454 nt
608 5400 676 5454 iorte
694 5401 868 5455 imminentes
882 5413 945 5457 tnte·

133 5486 171 5536 lav
188 5487 419 5557 subterfugerent,
438 5485 578 5540 abutentes
596 5487 636 5538 eie
655 5487 714 5555 jure
733 5503 780 5540 suo
799 5485 894 5538 l'rnatva
914 5486 945 5537 ad

128 5567 155 5620 id
173 5573 363 5639 provocabant,
382 5573 446 5624 dum
468 5571 504 5622 iis
522 5569 665 5624 vacationis
683 5586 795 5622 annnsa
812 5579 943 5638 ternpore,

128 5669 178 5720 qua
190 5655 326 5709 commode
344 5654 434 5710 redire
452 5653 943 5726 potuissent,computabatur,ridi.
994 5671 1039 5714 aut
1056 5658 1141 5730 ipsius
1161 5658 1329 5713 concedentis
1342 5657 1409 5710 illud
1423 5657 1585 5727 usurpando.
1598 5655 1750 5724 Utrumque
1761 5654 1817 5725 pri·
1855 5695 1882 5738 Η

131 5735 199 5807 ⁴·ff·
214 5739 248 5795 de
259 5751 340 5794 mont.
352 5753 379 5795 et
389 5750 511 5796 exuant.
526 5757 633 5794 mum.

283 5825 385 5900 seryttt
403 5819 464 5884 Vo't.
483 5828 538 5882 rr.

1007 1488 1046 1540 ris
1065 1505 1123 1542 esse
1139 1490 1200 1558 quie
1218 1487 1338 1554 dubitet,
1351 1487 1404 1542 vid.
1423 1489 1440 1541 1.
1451 1488 1511 1560 fin.
1529 1507 1552 1541 c.
1573 1489 1606 1540 de
1623 1488 1714 1542 incest.
1728 1499 1754 1541 et
1767 1487 1826 1542 inu-

1007 1572 1048 1624 rit.
1062 1583 1138 1644 nupt.
1151 1574 1170 1626 l.
1188 1586 1212 1626 t.
1228 1571 1319 1644 infin.
1330 1589 1355 1628 c.
1367 1575 1400 1632 dc
1413 1575 1537 1630 natural.
1552 1576 1599 1628 lib.
1612 1576 1631 1626 l.
1641 1576 1744 1644 penult.
1758 1591 1780 1627 c.
1795 1575 1828 1628 de

1006 1657 1081 1727 offic.
1094 1669 1158 1712 rect.
1166 1675 1244 1728 pron.
1253 1659 1329 1712 clem.
1349 1673 1370 1712 t.
1382 1663 1417 1714 de
1428 1661 1513 1715 testib.
1528 1659 1645 1716 Ertcncb.
1655 1664 1689 1715 de
1699 1660 1795 1732 privat.
1807 1663 1826 1716 l.

1010 1756 1032 1796 1.
1046 1761 1068 1796 c.
1084 1755 1107 1794 2.
1121 1762 1149 1797 rr.
1164 1755 1187 1796 e.
1200 1761 1272 1816 sepp.
1288 1746 1361 1800 Alter
1376 1745 1468 1800 modus
1482 1747 1641 1817 impetrandi
1657 1748 1826 1817 priuilegium

1008 1829 1215 1884 constituebatur
1236 1847 1326 1901 preces
1345 1832 1481 1904 supplices
1500 1833 1616 1903 principi
1636 1831 1754 1895 oblatae,
1773 1832 1826 1884 cir·

1006 1931 1035 1966 ca
1054 1931 1134 1982 quem
1152 1915 1248 1968 abusus
1267 1915 1439 1986 potissimum
1459 1935 1508 1987 per
1527 1917 1576 1971 auls
1594 1929 1622 1970 et
1639 1917 1826 1988 obreptionem

1006 1999 1039 2051 ab
1057 1999 1221 2068 impetrante
1239 2003 1429 2067 committitur,
1450 2005 1525 2071 cujus
1544 2021 1627 2072 poena
1640 2015 1682 2056 eet
1693 2002 1827 2072 ademptio

1006 2085 1079 2150 ejus,
1100 2084 1170 2151 quod
1191 2086 1239 2136 sub
1259 2095 1286 2138 ct
1303 2084 1451 2156 obreptitie
1469 2091 1640 2157 impetratum
1667 2097 1745 2152 erat,
1765 2088 1781 2139 l.
1803 2098 1826 2138 2.

1005 2184 1048 2235 pr.
1061 2186 1083 2220 c.
1097 2167 1130 2222 de
1143 2185 1211 2222 rum.
1231 2170 1310 2222 Tria.
1323 2181 1349 2222 et
1356 2169 1409 2239 fid.
1420 2173 1522 2224 cntbol.
1535 2174 1553 2225 1.
1576 2184 1597 2224 t.
1612 2191 1634 2224 c.
1647 2173 1672 2226 ai
1688 2180 1764 2226 tutor
1780 2173 1829 2226 vei

1005 2252 1139 2320 cunfels.
1150 2252 1231 2322 alleg.
1247 2271 1336 2306 eccur.
1347 2255 1391 2308 sit.
1405 2254 1423 2305 l.
1438 2267 1462 2308 2.
1475 2273 1497 2308 c.
1511 2255 1537 2308 ri
1546 2266 1646 2310 contra
1652 2257 1701 2329 jur
1712 2257 1753 2310 uei
1766 2257 1825 2310 ntil.

1005 2335 1078 2403 publ.
1089 2339 1107 2390 1.
1120 2335 1263 2394 universn-
1279 2349 1303 2391 t.
1316 2355 1340 2392 c.
1353 2339 1385 2391 de
1397 2337 1494 2392 divers.
1515 2339 1636 2409 rescript.
1652 2339 1761 2409 Duplici
1779 2357 1826 2392 au·

1007 2430 1059 2475 tem
1080 2423 1246 2494 potissimum
1261 2424 1342 2478 modo
1359 2423 1392 2476 ab
1411 2425 1573 2494 impetrante
1584 2422 1628 2476 bic
1640 2433 1771 2492 peccatur,
1785 2426 1825 2478 rel

1005 2505 1027 2560 si
1043 2505 1135 2560 lalsam
1153 2523 1274 2574 causam,
1291 2524 1359 2576 quae
1377 2509 1565 2562 concedentem
1587 2519 1681 2575 moret,
1692 2509 1733 2562 rel
1746 2509 1771 2562 ei
1784 2527 1827 2564 ve·

1005 2607 1060 2644 ram
1074 2591 1199 2660 quidem,
1218 2591 1286 2646 latae
1306 2603 1395 2645 tamen
1416 2593 1534 2665 supplici
1553 2594 1645 2648 libello
1665 2597 1773 2661 inserat,
1786 2596 1826 2649 rel

1004 2676 1027 2730 si
1041 2677 1181 2732 veritatem
1201 2694 1309 2748 prorsus
1321 2679 1437 2732 amittat
1450 2679 1528 2732 Circa
1543 2678 1701 2750 privationis
1715 2696 1827 2750 poenum

1002 2761 1101 2814 nullane
1119 2759 1229 2830 quidem
1243 2760 1307 2812 baec
1320 2759 1499 2816 differentiam
1513 2763 1690 2816 «onsuumon
1704 2763 1772 2818 bene
1787 2773 1826 2816 ts·

1004 2863 1063 2898 men
1082 2846 1152 2900 circa
1170 2845 1219 2898 sub
1236 2855 1265 2898 et
1280 2844 1448 2917 obreptionis
1467 2846 1664 2918 probationem:
1678 2850 1727 2903 illo
1744 2851 1819 2906 enirn

1001 2949 1062 2985 cusu
1081 2931 1267 3002 probationem
1286 2931 1431 3001 alleganti,
1445 2931 1494 2985 buc
1513 2932 1571 2996 illi,
1584 2932 1630 3000 qni
1649 2933 1823 3006 privilegium

1002 3017 1151 3086 impugnat,
1161 3016 1315 3070 incumbere
1328 3016 1421 3070 docent
1432 3016 1476 3066 dd·
1487 3017 1539 3070 rid.
1550 3015 1685 3071 Muscard.
1696 3020 1816 3091 deprob.

1000 3104 1059 3156 nol.
1084 3117 1108 3156 2.
1132 3101 1217 3156 ccrrcl.
1244 3113 1320 3154 stes.
1341 3118 1394 3171 per
1415 3110 1464 3154 tot.
1490 3103 1619 3173 inprimis
1644 3121 1673 3155 n.
1702 3117 1742 3158 te.
1768 3107 1820 3162 Dn.

1001 3191 1104 3243 Brnnu.
1125 3191 1163 3244 od
1180 3190 1197 3241 t
1220 3201 1242 3241 t.
1262 3206 1291 3241 n.
1312 3199 1336 3238 2.
1354 3205 1376 3240 c.
1395 3189 1423 3238 sr'
1438 3187 1600 3260 contrajac
1614 3189 1657 3242 uel
1674 3189 1731 3245 atil.
1750 3191 1825 3263 pubi.

1001 3275 1090 3330 Hodie
1107 3274 1227 3328 moribus
1245 3273 1430 3344 plerorumque
1449 3272 1566 3326 locorum
1589 3276 1741 3329 salutariter
1754 3295 1825 3330 rece·

1001 3375 1073 3434 ptum
1093 3373 1149 3423 est,
1169 3358 1239 3428 quod
1264 3357 1356 3410 nullus
1380 3355 1490 3411 effectus
1518 3357 1648 3413 tribuatur
1669 3361 1823 3430 rescripto;

1001 3447 1055 3500 nisi
1075 3443 1237 3515 snpplicatio
1249 3441 1273 3494 ei
1290 3443 1392 3495 inserta
1413 3440 1510 3503 inerit,
1524 3459 1576 3512 qno
1589 3452 1710 3496 corastare
1729 3445 1822 3514 possit,

999 3549 1062 3584 unm
1078 3546 1169 3602 preces
1190 3527 1452 3592 veritatenitantnr;
1465 3527 1520 3578 nisi
1534 3526 1699 3596 rescriptum
1714 3530 1823 3601 proprio

1000 3629 1072 3672 motu
1091 3615 1265 3670 emanaverit.
1284 3613 1362 3667 Unde
1380 3611 1425 3665 dd.
1443 3612 1560 3666 carrtelae
1579 3612 1665 3665 instar
1682 3631 1819 3667 commen·

999 3706 1061 3760 ‹laut
1079 3703 1254 3775 impetranti,
1269 3712 1295 3754 ut
1313 3717 1343 3754 eo
1355 3698 1471 3764 laboret,
1484 3717 1537 3768 quo
1550 3699 1664 3752 clausula
1678 3699 1739 3752 illa:
1753 3714 1823 3755 motu

998 3789 1125 3861 proprio,
1145 3787 1287 3838 inseratur.
1307 3785 1359 3838 vid.
1385 3786 1433 3838 dn.
1459 3783 1548 3837 Praee.
1574 3785 1675 3852 disput.
1693 3785 1727 3838 de
1746 3797 1823 3840 motu

999 3878 1113 3946 proprio
1126 3871 1264 3943 principis.
1278 3873 1312 3924 Et
1331 3871 1382 3924 buc
1400 3871 1429 3924 in
1448 3872 1537 3942 specie
1556 3873 1674 3942 pertinet
1689 3889 1763 3927 casns
1777 3891 1823 3944 pc·

999 3962 1103 4017 titionis
1128 3959 1257 4013 bonorum
1283 3975 1336 4015 oon
1362 3955 1531 4028 Anubittunp
1554 3957 1605 4011 der
1635 3957 1740 4022 Gttter,
1771 3977 1823 4029 quo

1001 4047 1081 4100 bodie
1098 4046 1170 4098 nibil
1187 4043 1355 4114 frequentius
1375 4053 1432 4108 est,
1451 4061 1511 4096 nam
1531 4042 1602 4114 qnod
1621 4044 1688 4097 olim
1707 4060 1825 4113 cunque·

999 4137 1035 4186 sti
1055 4131 1159 4186 luerint
1176 4131 1261 4201 impp.
1281 4129 1355 4200 prend
1371 4128 1555 4183 inverecundo
1571 4127 1717 4195 petentium
1733 4127 1822 4182 inbrit-

998 4223 1073 4272 tione
1091 4222 1132 4272 sie
1150 4218 1390 4286 constringuntur,
1410 4226 1438 4268 ut
1456 4216 1541 4268 etiam
1568 4231 1626 4266 nou
1644 4212 1822 4269 concedende

999 4303 1138 4369 tribuunt,
1158 4304 1197 4356 nti
1224 4300 1302 4356 verba
1328 4299 1423 4352 babent
1442 4301 1471 4350 in
1492 4298 1508 4348 1.
1534 4305 1555 4349 1.
1572 4314 1595 4348 c.
1612 4295 1737 4364 deperit.
1757 4299 1819 4350 bon.

998 4387 1098 4440 subint.
1120 4387 1146 4439 id
1167 4387 1247 4438 hodie
1268 4384 1358 4455 prusia
1377 4382 1484 4435 abunde
1502 4375 1658 4443 conlirmat,
1678 4379 1740 4431 dnm
1761 4395 1819 4432 sae-

1000 4473 1060 4542 pius
1080 4469 1263 4526 munilirentia
1284 4467 1442 4540 principalis
1460 4465 1497 4518 ita
1518 4463 1674 4517 inclausum
1695 4462 1820 4517 trabitur.

1001 4560 1031 4610 ln
1051 4568 1149 4630 puncto
1167 4555 1236 4626 juris
1257 4565 1359 4618 tamen,
1372 4552 1418 4620 qni
1432 4549 1495 4602 talia
1509 4546 1717 4612 desideraverit,
1730 4556 1757 4599 et
1770 4547 1823 4598 im·

1000 4643 1140 4715 petrarerit
1151 4680 1160 4707 ,
1180 4643 1289 4694 uiolatae
1309 4639 1376 4706 legia
1395 4651 1457 4688 reus
1481 4633 1609 4700 habetur,
1627 4645 1652 4688 et
1668 4633 1736 4686 bons
1755 4651 1822 4704 quae

998 4729 1033 4783 ita
1051 4729 1171 4782 obtinuit
1189 4727 1311 4788 amittit,
1329 4722 1383 4776 uisi
1403 4723 1531 4792 princeps
1552 4730 1626 4774 motu
1650 4720 1760 4792 proprio
1778 4738 1821 4774 ea·

1000 4817 1060 4870 dem
1080 4812 1243 4868 concesserit
1261 4811 1285 4864 d.
1307 4810 1324 4861 t
1347 4822 1368 4862 1.
1388 4809 1415 4861 in
1432 4807 1493 4878 fin.
1511 4806 1579 4861 alias
1597 4805 1670 4860 enim
1697 4806 1821 4861 mandata

1001 4897 1132 4970 principis
1146 4895 1216 4948 nihil
1231 4893 1335 4946 roboris
1347 4891 1446 4946 babere
1458 4889 1572 4956 debent,
1586 4901 1612 4944 et
1626 4890 1743 4945 ministri
1754 4909 1821 4961 qun-

998 5002 1050 5057 que
1063 4979 1208 5052 principis,
1227 4979 1274 5047 qssi
1294 4993 1323 5029 ee
1340 4977 1373 5029 ad
1393 4977 1442 5029 boc
1460 4989 1627 5046 promotores
1640 4973 1820 5042 exhibuerint,

998 5238 1051 5290 Sed
1069 5234 1130 5305 quis
1150 5233 1194 5286 bic
1219 5251 1272 5286 uon
1298 5232 1433 5299 aduertit,
1458 5243 1587 5303 quantum
1612 5232 1706 5304 praxis
1724 5251 1738 5282 a
1757 5233 1819 5300 juce

996 5316 1167 5372 aberraverit.

1033 5401 1138 5454 Deinde
1156 5399 1227 5454 circa
1246 5399 1335 5470 ipsum
1355 5399 1491 5471 privilegii
1510 5416 1587 5453 nsum
1606 5399 1702 5454 abusus
1721 5397 1818 5452 admit·
1855 5411 1888 5457 2ο

997 5487 1082 5552 titur,
1102 5488 1140 5542 rel
1160 5487 1332 5556 privilegium
1352 5488 1420 5538 nitra
1439 5485 1618 5542 intentionem
1644 5485 1817 5540 concedentis

996 5572 1178 5626 fraudulenter
1196 5570 1384 5632 extendendo,
1403 5571 1444 5625 rel
1468 5570 1497 5623 in
1520 5568 1716 5641 praejudicinm
1742 5569 1817 5624 tertii

982 5745 1078 5816 allegio
1097 5743 1194 5814 privat.
1213 5743 1290 5817 Qurod
1309 5743 1386 5814 prins
1403 5743 1511 5807 attinet,
1537 5740 1634 5794 exinde
1658 5740 1724 5794 illud
1750 5742 1810 5796 evi·

1476 5839 1507 5880 22
