4442 6308
255 300 304 365 ιιι

198 411 269 458 stom
285 405 336 452 tut.
349 394 421 462 'clam
443 409 519 462 poss.
534 392 649 446 Hubert.
676 389 793 460 Giplnn.
813 391 852 447 od
867 393 888 460 ι.
904 394 1018 464 permis-

134 491 163 530 tt
202 503 271 540 ιιιιιι.
288 483 350 536 inst.
367 479 401 532 de
417 488 467 533 tut.
487 477 572 530 Sicuti
590 476 663 530 enlm
683 475 747 526 alibi
768 493 791 528 e.
805 494 844 546 gr.
863 477 891 528 in
911 481 1019 532 msteris

204 565 419 629 successionum,
438 561 565 632 qusmdin
591 569 713 630 speratur
736 561 865 614 successio
889 578 921 613 ex
941 572 1019 614 teste-

202 661 308 718 mento,
326 661 407 704 cesset
424 646 559 716 legitima,
579 663 625 699 seu
645 646 777 698 successio
795 645 829 698 sb
848 648 981 712 intestato,
1001 647 1019 700 l.

131 748 162 792 ιι
204 733 342 810 quamdiu.
364 743 406 785 ιιι.
418 729 459 802 ff
479 729 513 782 de
535 729 641 798 nequir.
659 726 769 783 haered.
788 741 811 784 et
838 731 955 800 provisio
975 729 1018 784 bo·

199 821 286 874 minis
302 815 366 870 lacit
382 829 485 870 cessure
503 811 682 884 provisionem
702 811 782 882 legis,
797 829 843 884 per
857 832 919 866 nov.
939 823 1019 868 tt.et

129 929 158 970 η
204 901 222 954 t
230 897 293 971 fin.
309 917 331 954 c.
348 901 383 954 de
398 909 469 971 poce.
491 906 621 950 convene.
639 895 712 964 (nisi
738 895 851 950 forsitan
877 914 924 968 per
942 909 1017 970 pacta

201 981 384 1048 familiarum,
403 983 444 1038 vel
471 982 529 1051 lege
552 993 639 1047 certa,
661 981 805 1054 dispositio
825 984 1020 1037 testamentaria

205 1067 243 1120 eit
261 1067 401 1131 restricta,
420 1075 450 1119 ut
468 1063 533 1118 hinc
554 1067 582 1117 ιιι
602 1063 768 1117 successione
787 1081 840 1116 non
859 1065 974 1136 surplius
987 1075 1021 1118 te·

201 1148 342 1214 etsmenti,
360 1147 407 1202 sed
432 1157 568 1220 pectorum
593 1147 680 1219 prima
705 1147 833 1202 habeatur
851 1152 935 1218 rstio,
953 1168 1020 1220 quse

201 1233 402 1288 successionum
421 1235 522 1305 species
539 1232 659 1286 suomele
678 1229 789 1296 dicitur,
801 1233 833 1286 de
845 1252 894 1304 qus
906 1231 1019 1287 inierint

202 1319 232 1374 iu
256 1320 370 1374 muteris
395 1318 609 1383 successionum,
629 1317 704 1371 conl.
731 1318 830 1372 interes
854 1317 1017 1371 Bsrtlvolom.

202 1405 318 1460 Muscul.
327 1397 368 1458 'de
385 1422 494 1458 success.
513 1414 635 1458 convent.
646 1414 673 1456 et
685 1403 793 1464 cnom.)
807 1405 843 1458 ιιι
862 1423 962 1475 quoque
975 1405 1019 1458 hic

200 1479 418 1544 testamentsrtos
446 1499 532 1552 tutor,
550 1487 700 1558 praefertur
726 1489 844 1559 legitimo
870 1500 894 1542 et
913 1489 1017 1557 dutivo,

201 1590 251 1646 per
268 1571 331 1624 inst.
350 1569 383 1624 de
402 1572 475 1642 legit.
494 1591 557 1642 agn.
576 1583 623 1625 tut.
642 1583 669 1624 ct
693 1583 765 1627 essct.
785 1575 871 1624 rnntri
886 1585 912 1624 et
931 1574 1017 1628 actae.

202 1673 225 1708 c.
249 1655 350 1726 quand.
377 1657 442 1708 mul.
468 1665 517 1708 tnt-
544 1653 692 1726 offlsong.
718 1656 776 1708 cdd.
805 1657 875 1709 Phil.
897 1660 1018 1709 lloenon.

202 1751 327 1794 controv·
339 1738 400 1812 jur.
419 1741 519 1794 illustr.
537 1741 605 1808 disp.
632 1751 658 1792 ι.
674 1759 702 1792 ιι.
731 1753 754 1810 ι.
774 1739 802 1792 id
825 1741 896 1811 qnod
916 1759 949 1794 ex
967 1742 1018 1794 alin

200 1825 289 1877 sdbnu
307 1823 424 1889 ratione,
444 1823 574 1875 nimirum
594 1821 627 1875 sb
649 1823 745 1876 orvliue
771 1823 955 1892 rubricsrnm,
974 1825 1021 1879 de·

202 1909 296 1962 demere
316 1920 448 1962 conantur
465 1907 511 1960 dd.
529 1908 713 1960 existimantes
720 1909 859 1976 „tutelam
882 1919 1021 1962 testamen-

198 1994 295 2048 tsrisnt
312 1991 426 2062 reliquis
444 1991 503 2044 idco
516 1989 715 2062 praeferendam
730 2009 800 2057 esse,
814 1995 876 2062 quis
896 1994 955 2064 ipse
967 1995 1019 2046 im·

197 2087 306 2150 perator
325 2076 354 2128 in
367 2075 555 2128 enumerandis
571 2075 790 2147 explicandisque
803 2077 937 2131 tutelsrusn
957 2095 1018 2148 spe·

199 2162 306 2229 clebus,
326 2161 416 2234 primo
441 2163 498 2215 loco
523 2177 579 2214 eum
605 2179 712 2234 semper
739 2173 872 2228 recenset,
891 2164 961 2233 quod
986 2179 1019 2216 ex

199 2248 295 2302 urdine
313 2248 451 2302 titulorum
469 2246 498 2298 in
517 2247 582 2300 inst.
601 2245 655 2314 dig.
669 2257 694 2299 et
706 2243 769 2300 Cod.
783 2245 922 2313 sdlribito,
936 2250 1019 2300 ubun-

201 2331 234 2386 de
251 2340 375 2386 constare
401 2339 505 2401 potest,
525 2328 602 2384 Conl.
620 2330 715 2384 Ererb.
735 2331 764 2382 in
783 2341 839 2400 top.
860 2331 939 2401 legul.
958 2331 1018 2384 loco

206 2426 229 2471 t.
249 2435 278 2472 ιι.
301 2425 323 2470 ι.
343 2413 509 2470 Schneidew.
527 2415 564 2468 ad
581 2414 654 2468 rubr.
667 2416 730 2466 inst.
743 2413 777 2468 dc
795 2425 847 2470 uct.
861 2433 890 2466 n.
911 2425 952 2468 ιι.
965 2419 1016 2468 Ve-

202 2518 276 2566 rum,
295 2499 422 2570 quonism
442 2497 544 2551 dictum
563 2507 748 2567 argumentum
768 2500 862 2552 sellem
882 2499 1019 2570 probabile

202 2596 261 2653 eet,
279 2601 332 2639 uon
352 2583 521 2648 universale,
540 2581 603 2658 dum
624 2582 652 2636 in
672 2584 766 2637 multis
784 2583 852 2660 juris
872 2584 958 2638 nostri
977 2601 1019 2636 sr-

199 2671 292 2726 tieulis
309 2687 364 2724 nou
383 2669 511 2742 procedit.
528 2667 626 2720 Everh.
645 2667 692 2722 ull.
705 2669 722 2719 l.
736 2669 766 2719 in
778 2665 833 2737 fin.
847 2667 1015 2738 potissimam

197 2751 371 2826 praelationis
390 2752 467 2821 hujus
486 2751 617 2804 rationem
637 2751 665 2802 in
684 2751 817 2806 asiomete
835 2751 884 2804 illo
902 2751 1017 2817 colloco,

195 2840 386 2912 provisionem
405 2838 525 2891 dominis
542 2835 639 2889 tollere
648 2837 838 2906 provisionem
855 2836 937 2906 legis,
952 2837 978 2888 d.
988 2854 1016 2888 ιι.

200 2936 242 2978 ιι.
254 2925 273 2978 ι.
284 2921 340 2994 fin.
359 2940 383 2975 c.
402 2921 436 2976 dc
452 2931 523 2986 pact.
543 2929 668 2974 convent.
689 2918 755 2974 lude
774 2920 854 2976 etism
874 2930 926 2986 est,
945 2919 1016 2990 quod

193 3010 240 3064 bic
262 3009 295 3062 de
320 3007 402 3062 tutela
422 3005 622 3060 testamentoria
647 3015 775 3076 quotenus
794 3021 823 3060 ea
850 3004 939 3076 prims
958 3011 1013 3070 est,

226 3112 280 3148 em.
719 3103 722 3114 '

152 3163 156 3166 ⁵
195 3112 304 3250 &Ques
322 3177 448 3232 bscleuus
466 3174 541 3242 disi,
560 3192 613 3228 uun
633 3173 718 3228 solum
738 3172 768 3224 ιιι
793 3172 881 3227 tutelis
900 3171 1013 3246 privstc·

196 3281 272 3329 rum,
291 3263 337 3316 sed
365 3261 445 3317 etium
466 3259 617 3312 illustrium
642 3256 676 3312 its
699 3253 837 3320 obtinent,
856 3258 1013 3328 pracsertim

194 3350 224 3402 in
243 3347 359 3418 imperio
377 3356 465 3398 nostro
479 3360 589 3398 romono
598 3339 749 3410 germanico
768 3337 841 3390 iuter
860 3338 1011 3409 principes,

192 3430 319 3497 comites,
337 3431 449 3484 berones
467 3429 587 3497 ullusque
606 3425 717 3496 imperii
741 3431 832 3478 status·
851 3421 919 3476 Cum
937 3424 1012 3478 enim

193 3516 223 3568 ιιι
247 3515 307 3584 jure
331 3515 439 3586 publico
464 3513 514 3566 bsc
532 3512 565 3562 dc
589 3527 618 3564 re
636 3509 708 3562 nihil
733 3508 867 3580 peculiare
883 3517 1011 3564 statutum

193 3601 360 3672 rqieriatur,
387 3596 578 3652 recurrendum
603 3593 636 3648 sd
661 3595 702 3663 jus
727 3609 868 3646 comuusne
894 3590 1012 3658 leudcle,

195 3687 321 3760 quonism
341 3702 401 3742 seso
420 3700 467 3736 nco
487 3682 568 3746 illud,
588 3689 716 3750 quantum
743 3679 775 3732 ud
796 3677 905 3744 tutelas,
923 3675 1013 3730 divor·

196 3775 265 3827 tium
286 3769 351 3824 secit
369 3787 383 3821 s
402 3769 460 3836 inre
477 3767 579 3836 privsto
599 3777 736 3828 ccessreo,
757 3763 924 3816 monebimus
941 3764 1013 3835 opti-

196 3876 238 3910 mo
258 3853 408 3910 rationein
430 3849 553 3906 terminis
569 3851 638 3920 juris
662 3849 764 3902 civilis:
786 3849 879 3904 Putet.
902 3851 928 3904 d.
947 3851 964 3903 1.
983 3869 1011 3904 n.

202 3957 245 3998 ts.
262 3943 292 3996 in
302 3941 334 4012 s
351 3939 411 3994 edd·
432 3939 489 3992 Art.
509 3936 593 3988 Dncl.
613 3935 645 3988 de
663 3953 712 3988 usn
729 3944 757 3988 ct
774 3946 879 3988 unctor·
890 3936 952 4009 jur.
964 3936 1013 3990 cir.

126 4049 155 4088 rs
203 4045 274 4084 rous·
291 4026 310 4079 ι.
332 4037 354 4080 ι.
374 4042 397 4078 c.
418 4036 442 4078 ι.
460 4023 482 4090 §.
502 4033 525 4074 ι.
546 4019 659 4074 Plurimi
678 4031 765 4074 temen
790 4017 835 4070 dd.
853 4019 920 4087 juris
939 4019 1011 4090 publ.

197 4118 230 4169 sb
248 4115 296 4168 hnc
314 4111 404 4182 regula
425 4105 608 4178 exceptionem
633 4103 763 4166 sormunt,
790 4102 819 4156 iu
846 4105 937 4157 tutelis
960 4107 1012 4160 elc-

195 4198 356 4264 ctcrslibus,
369 4195 408 4250 ibi
426 4194 498 4248 enim
519 4188 716 4248 testamentsrio
734 4189 816 4242 tutori
834 4187 1012 4260 prveierrile·

197 4285 341 4354 gitimum,
360 4296 413 4334 uon
433 4277 508 4350 pauci
527 4281 663 4337 ststuunt,
682 4271 748 4328 moti
768 4281 838 4324 testu
856 4269 896 4323 tit.
908 4283 933 4323 ι.
951 4267 975 4342 fi.
988 4285 1012 4325 s.

197 4385 258 4424 sur.
278 4365 343 4419 tvtt.
361 4362 453 4420 Coreli
470 4361 525 4416 IV.
544 4356 623 4412 cont.
642 4355 729 4410 limo.
749 4353 788 4408 cd
804 4377 829 4410 c.
843 4356 866 4406 b.
885 4353 910 4407 d.
921 4356 939 4407 1.
953 4357 1009 4410 obs.

199 4467 241 4508 η,
261 4463 288 4506 α
306 4452 343 4506 ad
353 4451 404 4522 jus
414 4445 490 4516 pubi.
505 4445 524 4499 l.
547 4455 567 4494 t.
581 4459 604 4496 c.
626 4451 667 4492 ιι.
686 4459 712 4492 ιι.
736 4450 794 4492 ιιι.
810 4440 878 4492 Phil.
900 4441 1010 4496 lloenon

126 4552 153 4592 ss
195 4544 225 4592 in
243 4545 408 4590 eosstruvers.
419 4532 483 4605 jur.
501 4522 599 4582 idustr.
619 4526 691 4594 disp.
711 4535 736 4576 ι.
755 4525 792 4578 tlt.
815 4536 837 4576 ι.
857 4525 929 4576 llinc
947 4525 1011 4576 licet

131 4605 134 4612 Ι
194 4631 269 4692 pater
295 4621 377 4674 slinrn
397 4623 554 4669 testamento
576 4609 652 4664 duret
670 4619 799 4678 tutorem,
818 4609 907 4662 volunt
932 4609 1009 4662 illum

195 4727 248 4772 non
266 4703 473 4768 sdmitteutlusn,
488 4701 533 4756 sed
546 4698 699 4771 proximum
711 4708 832 4765 sgnstum
847 4697 936 4764 rigore
948 4714 971 4748 s.
985 4696 1009 4748 b.

193 4792 384 4848 niministrsre
402 4787 503 4844 debere
521 4785 644 4848 tutelsm,
658 4792 683 4836 et
700 4799 759 4834 cum
779 4781 826 4831 illu
846 4798 897 4832 una
914 4781 1011 4834 electo·

142 4843 156 4879 ⁰
195 4888 298 4940 retum,
312 4865 409 4946 (modo
428 4866 640 4944 perpessimum
659 4875 783 4934 agnatum
798 4881 850 4916 uou
863 4862 1012 4918 discrimen

198 4966 320 5016 incurret
337 4960 477 5014 universus
495 4963 580 5007 status
592 4947 753 5011 electoralis,
768 4945 881 4998 Oldenb.
900 4946 938 4999 od
946 4945 1009 4998 inst.

193 5064 252 5117 pcc.
270 5065 296 5114 p.
319 5055 340 5096 t.
358 5041 423 5096 disc.
445 5051 468 5092 ι.
487 5035 583 5092 memb.
605 5047 629 5087 ι.
645 5031 671 5106 fi.
690 5037 730 5100 ι.)
751 5031 831 5102 idque
849 5029 958 5102 probunt
976 5050 1008 5086 cx

128 5161 155 5202 2,
200 5125 484 5189 strennuus.
505 5134 526 5176 ι.
547 5125 646 5176 Verum
667 5137 714 5189 ego
733 5115 903 5172 statuendum
923 5115 1012 5190 potius

197 5215 379 5270 esistimurem
398 5229 447 5282 per
464 5207 491 5260 ιι.
510 5219 615 5262 tentum
634 5222 685 5258 uon
713 5201 818 5258 excludi
841 5210 1011 5258 testamenta.

196 5300 265 5352 rium
287 5307 409 5352 tutorem.
424 5295 573 5365 imperator
591 5292 664 5354 enim
682 5289 792 5342 Cerolus
805 5289 851 5340 tv.
866 5287 912 5342 ull.
924 5287 943 5340 l.
957 5306 1009 5342 ιιοιι

197 5385 284 5440 serbis
304 5381 446 5436 exclusivis
465 5380 511 5434 sed
530 5379 623 5432 saltem
644 5375 811 5448 simplicibus
836 5390 913 5436 usus,
932 5381 1011 5442 etque

195 5470 332 5525 occasione
352 5465 541 5532 successionis,
554 5463 698 5520 secuudum
710 5459 934 5534 propinquitstem
954 5479 1010 5530 grs-

196 5557 277 5619 dnnm
294 5534 533 5620 determinandus,
554 5551 592 5610 ibi
611 5547 793 5606 tantummodo
814 5547 908 5600 tutelae
925 5543 1010 5615 legiti·

125 5654 154 5694 ιι
196 5657 253 5695 mse
278 5639 342 5694 lecit
368 5636 543 5694 mentionem.
571 5635 803 5706 Quemadmodum
829 5649 888 5688 vero
906 5633 936 5683 in
954 5635 1012 5700 jure

191 5725 306 5798 priuato,
325 5741 375 5797 per
400 5725 531 5796 regulum:
544 5721 667 5794 propior
681 5722 790 5796 gradu,
807 5719 902 5794 potior
920 5728 959 5772 cst
979 5719 1008 5770 in

792 333 797 343 .
868 297 915 354 lili
935 297 1049 356 entus
1068 296 1217 356 Tuscus.

1780 298 1832 363 ιιι

1067 395 1240 450 successione
1265 403 1292 450 et
1310 393 1410 458 tutelo,
1438 411 1492 448 non
1516 391 1672 450 excluditur
1695 393 1829 450 successio
1846 395 1887 450 vel
1927 431 1952 444 ·.

1072 482 1154 534 tutele
1173 480 1386 542 testsmentsris,
1406 479 1443 532 its
1462 497 1566 552 quoque
1583 497 1633 534 uec
1658 479 1707 536 boc
1728 481 1786 534 loco
1805 481 1886 535 tutele

1071 565 1268 620 testsmeutnris
1288 582 1335 635 per
1353 565 1500 635 legitimum
1515 565 1620 620 excluse
1639 564 1693 618 dici
1712 573 1809 636 potest.
1827 564 1885 619 lmo
1921 574 1952 618 tt

1069 667 1116 702 nec
1138 648 1281 703 intentioni
1299 648 1521 704 clementissimae
1535 649 1704 704 secretissimi
1717 649 1886 722 imperatoris

1069 733 1139 788 dictu
1159 733 1269 788 essertio
1287 727 1447 790 couveniens
1465 745 1551 799 esset,
1564 753 1624 788 cum
1643 733 1752 788 Gurolus
1770 735 1817 788 tv.
1836 733 1881 805 qui
1921 746 1952 788 ιι

1071 818 1098 868 ιιι
1117 819 1244 874 omuibus
1263 819 1319 873 lere
1336 838 1359 873 e.
1373 820 1399 872 b.
1419 821 1554 892 capitibus
1573 821 1711 877 meliorem
1731 819 1842 876 reddere
1859 838 1887 874 e·

1069 905 1194 960 lecturum
1214 906 1400 960 conditionem
1420 922 1525 960 summa
1542 923 1592 976 ope
1618 905 1728 960 sunisus
1747 905 1813 970 luit,
1831 921 1886 960 nou

1070 992 1278 1062 praesumendus
1297 992 1345 1058 sit,
1358 993 1386 1048 ιιι
1400 993 1479 1048 unico
1497 992 1546 1046 boc
1558 1003 1656 1064 puncto
1670 991 1812 1048 deterioris
1824 1008 1886 1046 cou-

1070 1073 1181 1130 divionis
1202 1093 1259 1130 esse
1283 1075 1397 1130 voluisse
1421 1077 1565 1140 electores,
1585 1094 1615 1130 sc
1638 1074 1746 1144 quossis
1769 1071 1885 1146 privatus

1070 1159 1232 1214 Germanice
1256 1159 1337 1224 cives,
1357 1159 1534 1231 praeprimis,
1554 1174 1612 1212 ctuu
1638 1158 1681 1212 lrie
1705 1158 1781 1229 longe
1800 1157 1885 1225 mejus

1068 1242 1215 1313 periculum
1241 1243 1386 1297 imminere
1403 1245 1502 1313 possit,
1523 1241 1625 1296 intuitu
1653 1241 1735 1294 totius
1755 1242 1883 1294 electoru-

1070 1335 1126 1388 tns,
1146 1327 1169 1378 si
1190 1326 1256 1381 lorte
1275 1337 1388 1380 tutorem
1407 1328 1556 1397 legitimum
1582 1327 1737 1397 proximum
1758 1333 1884 1396 egestum

1069 1412 1147 1462 tvlem
1166 1427 1224 1464 esse
1241 1412 1419 1480 contingeret,
1437 1412 1497 1482 qni,
1516 1412 1540 1464 si
1567 1411 1718 1479 violsndnm
1743 1421 1811 1464 esset
1826 1411 1884 1478 jus,

1069 1495 1134 1547 illud
1154 1495 1283 1564 regnandi
1301 1497 1383 1564 gretie
1403 1496 1515 1560 riolnre,
1534 1495 1657 1550 decorum
1678 1493 1793 1558 dtsceret,
1811 1493 1885 1562 joun

1068 1578 1135 1630 illud
1158 1577 1212 1629 Cic.
1233 1595 1265 1632 ex
1283 1577 1416 1650 Euripide
1433 1580 1464 1632 in
1481 1580 1500 1631 i.
1520 1594 1543 1632 ι.
1563 1578 1596 1632 cic
1615 1577 1692 1650 offic.
1712 1597 1736 1632 c.
1756 1589 1835 1648 emp.
1849 1595 1883 1630 m.

1072 1673 1131 1714 ιιι.
1150 1661 1227 1731 Quod
1247 1663 1312 1717 sdeu
1330 1682 1382 1717 uun
1406 1663 1595 1730 metuendum,
1616 1666 1638 1718 ei
1665 1663 1734 1734 pstri
1760 1662 1885 1728 electori,

1070 1746 1139 1798 iuter
1156 1745 1240 1799 bouus
1262 1748 1416 1817 optimum,
1435 1766 1513 1820 quem
1535 1749 1689 1804 electorntui
1715 1748 1837 1801 omniurn
1855 1765 1884 1802 c·

1070 1829 1151 1898 ptime
1176 1830 1357 1899 praefuturum
1382 1834 1475 1898 novit,
1495 1835 1609 1903 eligere,
1629 1831 1794 1900 relinquetur
1817 1830 1886 1886 libe·

1070 1926 1141 1962 rum.
1160 1909 1216 1963 Nec
1241 1915 1340 1980 obstat,
1359 1915 1429 1984 quod
1447 1916 1496 1968 lssc
1515 1917 1618 1968 ratione
1638 1915 1666 1966 in
1684 1913 1732 1968 ctt.
1752 1933 1779 1968 n.
1798 1912 1823 1964 b.
1843 1929 1887 1966 cu·

1069 1993 1158 2062 pitulo
1178 1997 1249 2049 nihil
1266 1999 1326 2051 novi
1347 2000 1416 2052 circa
1435 1999 1559 2054 electores
1578 1998 1738 2070 dispositum
1759 1995 1812 2048 dici
1827 2013 1886 2066 pos·

1070 2078 1112 2131 sit.
1132 2080 1189 2132 lloc
1208 2081 1280 2134 enim
1301 2081 1369 2134 nihil
1382 2083 1521 2152 quiequam
1541 2083 1573 2136 ad
1593 2099 1647 2136 rem
1667 2081 1747 2144 iscit,
1762 2097 1820 2132 cum
1835 2080 1886 2132 im·

1072 2163 1208 2230 peratoris
1227 2163 1343 2219 intentio
1363 2183 1415 2220 non
1434 2166 1517 2220 inerit
1535 2167 1564 2220 in
1576 2184 1655 2220 sures
1670 2165 1740 2218 t-utts
1751 2181 1815 2234 puru
1828 2175 1887 2236 puts

1073 2263 1136 2300 nove
1155 2247 1213 2314 jura
1232 2248 1388 2302 electoribus
1406 2249 1565 2312 concedere,
1585 2248 1631 2303 sed
1650 2249 1731 2302 etism
1751 2255 1837 2300 vetera
1854 2247 1887 2298 il·

1070 2331 1092 2382 lv
1105 2371 1113 2397 ,
1127 2349 1194 2400 quse
1212 2332 1406 2386 consuetudine
1423 2333 1587 2404 pedetentim
1603 2331 1771 2396 introducta,
1783 2331 1887 2384 incerto

1069 2415 1242 2472 luudsmeuto
1261 2429 1286 2474 et
1301 2419 1407 2488 origine
1432 2419 1604 2485 exercebant,
1622 2435 1734 2488 quorum
1756 2417 1884 2488 qusedsvn

1070 2503 1176 2558 ridebis
1194 2523 1236 2575 sp.
1255 2505 1323 2560 stn.
1342 2505 1454 2561 Seberd.
1473 2515 1548 2558 tract.
1559 2506 1593 2560 de
1608 2503 1699 2574 princ.
1710 2503 1783 2557 elect.
1795 2501 1884 2572 orig.)

1071 2587 1108 2642 ita
1127 2585 1302 2655 confirmare,
1321 2599 1351 2648 ut
1367 2600 1427 2662 post
1445 2610 1470 2645 s·
1488 2589 1515 2642 b.
1534 2589 1567 2641 de
1585 2587 1720 2642 similibus
1738 2597 1883 2642 controver-

1070 2673 1137 2726 siam
1156 2671 1192 2726 iis
1211 2689 1388 2742 moveremus
1406 2673 1523 2745 emplius
1534 2673 1625 2726 licere
1642 2669 1745 2724 debent.
1763 2669 1795 2722 td
1813 2667 1884 2740 quud

1069 2758 1163 2812 multis
1180 2758 1311 2830 exemplis
1328 2777 1361 2814 es
1372 2762 1430 2832 ipss
1445 2779 1468 2814 s.
1485 2758 1513 2812 b.
1525 2758 1675 2827 desumptis
1688 2755 1818 2810 deducere
1830 2771 1884 2810 non

1069 2840 1196 2909 difficile,
1215 2853 1243 2898 et
1270 2841 1341 2898 sorte
1365 2845 1395 2898 ιιι
1419 2843 1542 2898 discursu
1566 2841 1680 2913 desuper
1699 2840 1834 2904 hebendo,
1854 2838 1883 2890 id

1069 2925 1247 2982 slcvucustrare
1263 2927 1366 2982 ocmsio
1385 2926 1503 2982 dubitur.
1522 2924 1884 2995 centumcentumn

1066 3011 1096 3064 in
1113 3013 1177 3066 coll.
1190 3012 1215 3084 j.
1229 3012 1305 3081 ριιιι.
1323 3030 1359 3064 ιιι.
1376 3030 1397 3064 ι.
1417 3012 1493 3082 infru
1510 3011 1553 3064 cit.
1572 3010 1623 3064 luc.
1643 3009 1718 3064 tude
1736 3008 1793 3074 his,
1811 3008 1881 3078 quncl
1920 3033 1952 3075 ῃ

1064 3113 1112 3164 pro
1124 3095 1338 3152 dissentientium
1350 3095 1478 3166 opinione
1491 3096 1593 3148 nullum
1606 3095 1717 3148 omnino
1730 3093 1881 3164 exemplum

1065 3180 1229 3234 contrarium
1252 3182 1281 3234 iu
1308 3179 1365 3234 loru
1389 3181 1598 3235 contrudictcrio
1622 3180 1768 3252 producere
1785 3179 1879 3246 licest,

1065 3279 1113 3336 pro
1135 3264 1184 3318 buc
1205 3282 1266 3322 reru
1289 3267 1423 3319 sententis
1448 3265 1549 3317 militet
1572 3264 1724 3336 exemplum
1746 3263 1879 3318 lobannis

1065 3349 1220 3420 Bipontioi,
1239 3351 1286 3422 qui
1304 3371 1320 3404 a
1336 3349 1477 3406 Friderico
1496 3352 1542 3404 lv.
1556 3352 1669 3416 electore
1688 3351 1805 3424 palatino
1824 3369 1881 3406 mc·

1066 3435 1166 3498 ritnrc,
1187 3452 1235 3504 per
1255 3443 1457 3500 testsmeutum,
1478 3436 1581 3488 osclusc
1601 3435 1729 3506 Philippo
1746 3436 1879 3492 Lndnrico
1919 3463 1950 3504 ις

1064 3515 1223 3586 neoburgicc
1242 3519 1368 3589 propiore
1379 3528 1489 3588 egesto,
1503 3517 1672 3589 principibus
1691 3517 1776 3590 ipsius
1795 3519 1881 3588 impu·

1065 3599 1174 3654 beribus
1194 3610 1266 3656 tutor
1285 3603 1463 3668 constitutus,
1477 3601 1737 3660 administrstionem
1752 3605 1806 3658 sibi
1817 3623 1881 3676 qvto·

1064 3701 1114 3754 que
1127 3685 1259 3756 sumpsit,
1273 3695 1300 3741 et
1313 3705 1362 3758 per
1373 3687 1509 3742 decretum
1526 3687 1728 3758 imperatorium
1747 3708 1762 3742 c
1781 3689 1881 3742 liudol-

1065 3768 1120 3838 pbo
1140 3765 1174 3822 ll.
1193 3769 1220 3822 iu
1240 3772 1402 3841 possessorio
1428 3769 1553 3826 defensus
1575 3781 1603 3826 et
1627 3767 1799 3828 confirmatus
1818 3773 1878 3829 init.

1063 3853 1133 3908 conl.
1152 3871 1239 3923 megu.
1257 3854 1304 3910 dn.
1322 3857 1401 3914 libet.
1420 3857 1449 3910 in
1458 3857 1588 3927 colljnr.
1602 3857 1677 3926 pust.
1696 3875 1731 3910 m.
1745 3875 1767 3910 s.
1781 3859 1799 3912 ι.
1818 3869 1838 3910 t.
1853 3879 1876 3914 c.

1066 3949 1090 3992 ι.
1102 3944 1123 4000 ς.
1138 3949 1164 3990 ι.
1176 3938 1256 4010 Copp.
1275 3941 1331 3994 obs.
1352 3953 1395 3994 et·
1413 3961 1441 3996 ιι.
1457 3955 1499 3996 tc·
1513 3953 1539 3995 et
1556 3958 1629 4014 seqq·
1643 3959 1725 4011 usqne
1739 3941 1879 4015 adfinem.

1064 4021 1125 4075 edd.
1142 4024 1301 4093 Murqnssd,
1320 4023 1428 4080 Freber.
1448 4029 1479 4078 in
1504 4035 1539 4080 tr.
1565 4026 1612 4095 qui
1634 4025 1792 4080 inscribitur
1808 4045 1877 4081 surr.

1063 4125 1131 4160 rom.
1146 4109 1242 4174 impar.
1255 4109 1471 4180 repraesentatio
1491 4120 1516 4164 et
1532 4109 1644 4180 Dionys.
1663 4107 1776 4164 Godclr.
1795 4120 1827 4164 tr.
1845 4114 1879 4166 ds

1062 4193 1317 4248 tut.e1ect.testarrs.
1330 4193 1403 4264 legit.
1415 4193 1521 4249 exclusi·
1536 4193 1583 4265 qni
1595 4209 1644 4266 pro
1662 4192 1803 4264 bipontiuo
1822 4193 1877 4246 dis·
1915 4207 1946 4250 ιο

1064 4290 1171 4344 serunt,
1196 4281 1293 4350 quibus
1315 4279 1500 4338 contrudicunt
1522 4291 1550 4340 et
1575 4299 1624 4352 pro
1649 4279 1808 4348 neoburgicc
1833 4279 1876 4332 di-

1063 4373 1185 4435 sputssst,
1205 4365 1285 4422 zuen.
1303 4365 1490 4420 Fridenreicb.
1515 4367 1546 4418 in
1568 4380 1674 4434 synope.
1697 4375 1819 4418 controv.
1845 4365 1879 4420 de

1061 4458 1111 4504 tut.
1123 4459 1149 4502 et
1161 4448 1265 4505 αιιιιιιιι.
1284 4449 1359 4504 elect.
1379 4451 1470 4504 Polct.
1490 4458 1516 4504 st
1532 4447 1649 4502 lohsnu·
1669 4446 1827 4500 Zeschlinus
1846 4451 1876 4502 in
1914 4461 1943 4502 ιι

1061 4532 1159 4586 vindic.
1172 4533 1440 4588 interamnanam
1453 4534 1547 4604 legens.
1559 4529 1620 4584 cdd.
1640 4529 1734 4582 Puhel.
1754 4527 1780 4582 d.
1798 4543 1832 4584 ιι.
1851 4551 1874 4586 ι.
1914 4555 1944 4596 st

1063 4626 1087 4669 ι.
1097 4631 1150 4684 per
1161 4625 1248 4670 toturn
1262 4615 1308 4670 nbi
1318 4635 1394 4672 num·
1416 4629 1455 4672 ιι.
1474 4627 1500 4672 et
1520 4627 1570 4684 ee.
1581 4614 1632 4666 duo
1651 4613 1737 4668 adbuc
1754 4619 1875 4688 exemplu

1062 4699 1113 4752 buc
1131 4697 1258 4754 incientis
1276 4712 1411 4768 recenset,
1427 4701 1544 4772 primum
1561 4699 1632 4771 quod
1644 4701 1731 4754 seculo
1744 4701 1800 4756 XV.
1814 4719 1878 4756 cou-

1061 4784 1135 4853 tigit,
1157 4785 1203 4838 ubi
1221 4785 1251 4838 iu
1269 4785 1360 4840 eedem
1379 4785 1458 4842 domu
1476 4785 1607 4840 electorali
1627 4785 1744 4856 pslatius
1762 4784 1877 4840 Ludosi-

1061 4883 1106 4920 cue
1126 4867 1174 4920 lll.
1190 4869 1305 4934 elector,
1323 4877 1496 4939 cognomento
1513 4865 1652 4933 barbarus,
1673 4868 1824 4937 praeteritis
1848 4869 1876 4924 in

1063 4960 1221 5006 testsmeuto
1242 4952 1345 5007 duobus
1362 4963 1425 5008 nstu
1444 4952 1588 5020 maioribus
1607 4950 1736 5004 frutribus
1753 4951 1877 5008 iohanne

1062 5047 1087 5092 st
1104 5035 1253 5106 Stephano,
1271 5037 1405 5104 juniorem
1423 5035 1495 5089 iuter
1514 5035 1575 5090 illos
1582 5045 1717 5102 ,tutorem
1737 5037 1825 5102 dedit,
1844 5038 1877 5091 li·

1062 5120 1135 5173 beris
1153 5121 1217 5174 suis.
1232 5120 1397 5183 Secundum,
1411 5119 1481 5190 qnod
1493 5115 1588 5174 code'm
1607 5122 1697 5174 seculo
1715 5121 1818 5186 euenit,
1831 5123 1878 5176 ubi
1916 5133 1945 5174 ts

1060 5203 1206 5258 Ludoricus
1231 5205 1276 5257 ιιι.
1302 5202 1460 5274 cognomine
1484 5202 1578 5269 mitis,
1595 5197 1654 5256 lilio
1679 5219 1725 5256 suo
1745 5203 1873 5278 Philippo

1061 5280 1162 5342 ἰιιιοιει
1178 5286 1337 5354 desigussit,
1357 5285 1598 5357 urchi-episcopum
1627 5288 1831 5355 moguntinum,
1850 5302 1876 5345 et

1059 5371 1215 5427 Uldurieuru
1236 5371 1329 5424 ducem
1348 5369 1607 5440 wurtenbergicum,
1627 5385 1693 5439 quae
1708 5369 1829 5441 sudseqq·
1849 5391 1876 5426 n.

1064 5469 1104 5510 st.
1126 5467 1169 5508 st.
1189 5467 1231 5508 ιο.
1253 5465 1294 5506 ιι.
1312 5463 1361 5507 etc.
1381 5451 1487 5508 relntst.
1500 5453 1555 5524 Ego
1574 5454 1674 5508 dictem
1695 5453 1767 5521 inter
1786 5473 1877 5525 perso-

1061 5558 1108 5594 ues
1127 5541 1245 5594 illustres
1262 5539 1341 5594 litem
1361 5555 1446 5592 mesm
1464 5539 1573 5608 quidem
1592 5555 1645 5592 uon
1666 5536 1747 5602 lucio,
1769 5538 1878 5592 interim

1063 5635 1150 5680 turneu
1169 5625 1216 5678 att.
1229 5642 1255 5677 a.
1267 5623 1369 5678 biset.
1388 5624 1456 5677 sulus
1475 5625 1588 5677 eliorum
1606 5623 1752 5694 opinione,
1770 5623 1802 5678 'eo
1822 5643 1876 5678 mo·

1066 5711 1099 5768 du
1117 5710 1243 5784 explicari
1262 5727 1356 5783 posse,
1373 5710 1498 5766 vrbitrur.
