4436 6264
455 243 505 300 dre
974 257 977 266 ⁴
1022 253 1209 312 DIPSUTAT.
1228 257 1299 312 llll.
1317 259 1435 319 CAPUT
1453 263 1475 320 l.
1983 269 2027 324 tn

406 341 528 436 tigerit.
554 345 716 418 Usitatam
741 373 818 419 raro
841 369 1004 447 sequutus
1029 351 1234 438 methodum,
1260 353 1440 424 faciliorem
1467 359 1517 426 vol
1542 361 1620 432 binc
1636 363 1750 431 saltem
1769 365 1920 433 merebor
1942 369 2067 446 reniam,

405 435 433 498 si
460 457 526 502 nou
550 439 727 509 sufficienti
751 441 892 536 judicio,
916 455 949 511 et
973 441 1088 508 debito
1112 441 1207 507 modo
1231 459 1382 513 versatus
1406 449 1500 515 suero
1525 451 1558 516 in
1586 455 1774 542 perdifficili
1800 453 1858 522 hac
1883 459 2025 536 materia,
2043 477 2067 525 et

403 547 447 593 re·
466 551 535 596 aon
559 536 701 599 minimo
715 585 725 616 ,
749 531 811 600 sed
835 535 871 599 in
895 537 989 602 ouini
1012 555 1157 622 corpore
1173 534 1267 624 jutis
1290 537 1422 626 effusa,
1438 565 1501 632 per·
1522 541 1545 606 l.
1571 570 1631 610 ιιη.
1654 569 1686 611 0.
1711 544 1754 612 de
1778 549 1828 611 rei
1850 571 1907 613 ux,
1932 563 1995 614 002,
2016 547 2068 614 lte.

408 641 476 708 quc
499 621 590 690 enim
618 623 708 691 ullus
732 626 768 690 in
793 623 826 690 ff.
844 643 876 692 et
899 624 1011 694 codice
1035 622 1154 687 titulus
1178 627 1316 714 reperiri
1343 633 1481 718 poterit,
1499 657 1540 698 ex
1565 658 1632 724 quo
1656 658 1723 701 non
1749 637 1912 726 quaedam
1937 636 2068 725 lmcspo·

405 712 528 779 clautia
554 715 740 806 potuissent
774 715 915 782 desumi.
942 715 1073 781 Horum
1098 738 1178 783 varo
1201 717 1349 784 omnium
1375 718 1499 789 babere
1523 731 1740 793 memoriam:
1764 744 1797 792 et
1821 729 1858 790 in
1883 727 2068 818 nullopeni·

406 809 464 864 tus
487 801 678 887 aberrare,
703 807 900 876 divinitatis
924 805 1031 898 magis
1056 829 1155 896 quam
1180 809 1418 878 mortalitatis.
1444 812 1470 878 l.
1498 838 1530 878 a.
1547 813 1575 900 ἓ.
1596 817 1646 901 14.
1671 843 1703 884 c.
1720 815 1763 881 de
1786 831 1856 884 oet.
1875 817 2068 906 jureenacl.

406 883 512 962 Malui
538 898 641 988 igitur
664 897 706 964 de
730 897 830 964 rebus
854 899 999 986 magnis,
1022 896 1082 962 ubi
1108 915 1140 961 et
1164 895 1304 966 voluisse
1328 917 1375 968 sat
1397 913 1463 987 cst,
1487 901 1669 991 balbutire,
1686 931 1788 1000 quom
1812 905 1852 972 de
1879 909 2069 974 minimissi-

402 989 513 1056 cuude
534 989 734 1081 disquirere:
759 987 847 1056 ltaud
872 989 1007 1080 ignarus
1030 987 1101 1052 triti
1126 987 1233 1069 illius,

995 1077 1055 1142 Est
1078 1076 1209 1169 aliquid
1234 1075 1365 1168 prodire
1388 1093 1498 1148 tenua.

405 1171 461 1236 Tu
485 1169 631 1262 benigne
655 1168 764 1254 Deus,
790 1192 917 1236 aurnuns
940 1168 1077 1259 coeptis,
1103 1181 1135 1233 et
1162 1173 1323 1258 praesenti
1349 1171 1476 1239 auxilio
1500 1175 1783 1265 praesentissimus
1807 1175 1906 1244 adsis!

1077 1349 1329 1420 CAPUT
1377 1354 1403 1420 l.

941 1527 993 1592 De
1008 1528 1091 1618 jure
1110 1529 1326 1615 praesentiae
1348 1528 1385 1590 in
1408 1549 1543 1615 genere.

646 1711 983 1768 suttMAtttA

393 1879 535 1936 introitus.
548 1899 579 1935 a.
602 1891 625 1934 t.

395 1955 485 2005 auras
497 1951 712 2020 sagnmcotiones
726 1957 869 2006 remissius.
882 1968 909 2006 n.
925 1962 948 2004 2.

401 2035 549 2102 Quomodo
563 2034 607 2086 liic
616 2032 763 2088 tornatur?
774 2051 801 2086 n.
815 2045 838 2086 t.

397 2117 476 2173 Unde
485 2117 623 2173 derivetur
633 2118 817 2186 praesentio?
830 2139 858 2174 n.
874 2129 897 2174 t.

391 2203 437 2256 De
448 2202 544 2273 quibus
555 2201 746 2270 praedicetur?
762 2221 789 2254 a.
803 2215 831 2256 9.

391 2289 653 2357 Pecuniaproesens
667 2288 753 2357 quid?
764 2307 791 2341 a.
806 2301 830 2342 9.

390 2373 520 2430 Pecunia
534 2371 564 2426 in
576 2389 683 2442 penere-
696 2391 723 2424 n.
737 2383 761 2424 t.

394 2457 482 2526 Quid.
494 2455 521 2510 si
532 2455 652 2512 addatur
663 2457 791 2510 emma?
801 2474 829 2510 a.
845 2467 870 2511 9.

391 2542 551 2597 Limisaror.
565 2561 592 2594 ιι.
606 2555 631 2594 s.

391 2627 501 2696 Baarge
516 2625 585 2679 Geta
593 2624 680 2696 quid?
691 2645 719 2678 n.
736 2637 776 2679 to.

391 2713 456 2765 Cur
469 2710 601 2763 inuenta?
613 2728 640 2762 n.
658 2721 698 2762 tt.

387 2795 481 2848 Mores
498 2795 698 2864 nattstugorum
718 2795 792 2848 barra
816 2792 964 2864 afferendi
981 2793 1027 2848 ubi
1047 2795 1210 2851 seruentur?

430 2895 459 2930 tt.
484 2887 528 2928 li.

388 2961 506 3014 Diuersa
519 2959 578 3028 ejas
590 2963 713 3014 nomina.
729 2979 756 3012 a.
772 2971 811 3013 tt.

387 3043 607 3098 Praesens-Geta
618 3045 703 3115 quid?
715 3063 743 3096 n.
760 3055 800 3097 tt.
818 3057 857 3097 ts.

389 3127 649 3184 Praesens-Gelder.
662 3148 689 3181 n.
706 3142 749 3184 tt.

389 3211 439 3263 Etr
467 3211 604 3282 praesenti
620 3215 735 3284 pecuniis
752 3231 883 3286 praesens
908 3217 988 3269 uenit
1011 3213 1153 3286 obligatio.
1179 3235 1205 3268 n.

427 3305 467 3348 l'l·
484 3308 524 3349 lb.

384 3379 556 3434 Praesentia
571 3380 749 3454 praedabatur
767 3381 800 3438 de
819 3383 909 3440 uariis
928 3383 1008 3439 rebus
1028 3383 1096 3438 aliis.
1116 3401 1144 3438 ιι.
1168 3395 1207 3438 99.

420 3476 512 3538 etspp.

391 3551 538 3618 Quomodo
552 3552 595 3605 laec
607 3552 786 3604 stsnsaturim.
803 3563 845 3605 ts.

384 3635 475 3688 Aliud
486 3645 609 3702 estesse,
622 3635 698 3690 aliud
707 3637 864 3706 liaberipro
873 3637 1019 3705 praesenti.
1035 3655 1062 3691 ιι.
1075 3646 1125 3690 99..

388 3719 538 3774 Habentur
547 3736 596 3789 pro
610 3720 711 3776 talibus
726 3723 858 3776 absentes.
872 3743 900 3776 ιι.
915 3735 956 3776 tt.

383 3803 593 3859 Mancinus.

381 3887 512 3942 Nondum
526 3886 593 3942 nati.
605 3907 633 3940 n.
649 3899 690 3942 tt.

382 3969 576 4039 despondetur
587 3971 624 4024 ad
637 3971 654 4023 l.
668 3981 692 4023 9.
706 3967 729 4040 §
746 3983 768 4025 t.
781 3971 821 4026 ad
831 3971 928 4041 isola
943 3991 969 4026 n.
986 3984 1027 4027 te.

384 4053 523 4124 Quijasto
536 4071 621 4110 causa
645 4057 745 4111 obsunt
765 4059 843 4130 quasi
853 4069 1013 4130 praesentes
1030 4068 1102 4113 sunt.
1114 4077 1142 4112 a.
1157 4069 1198 4112 99.

419 4148 461 4191 99.
474 4149 499 4192 et
511 4127 596 4211 seqq.¹

396 4223 468 4276 Vere
476 4228 671 4295 praesentastis
686 4243 795 4294 genere.
809 4245 836 4279 n.
852 4239 894 4282 99.

378 4309 514 4378 inspecte
527 4309 636 4362 ratione
644 4310 880 4381 praescriptionis.
893 4329 921 4362 ιι.
936 4323 976 4364 at.
991 4324 1031 4364 99.
1046 4325 1100 4368 99..

377 4393 521 4446 Praesens
532 4396 669 4467 quomodo
683 4398 712 4446 iu
726 4395 817 4451 madtis
829 4395 896 4452 loeis
907 4397 964 4447 sit?
974 4415 1002 4448 u.
1017 4409 1059 4450 st.

375 4477 489 4550 Semper
497 4483 681 4548 praesumitur
692 4498 750 4534 esse
763 4482 824 4533 loco
833 4479 954 4549 originis.
968 4499 994 4534 ιι.
1012 4493 1066 4535 99..

376 4567 541 4616 Praesentes
552 4561 624 4617 raris
635 4566 775 4620 dicuntur·
789 4585 817 4620 n.
833 4577 875 4621 99.

375 4649 502 4716 Proprie
514 4649 562 4720 qui
569 4649 583 4700 ?
594 4668 620 4702 n.
635 4660 677 4703 lo.

376 4735 438 4786 Per
449 4731 533 4784 alium
548 4733 642 4787 adesse
654 4745 799 4808 nequeunt.
813 4755 841 4791 ιι.
857 4747 898 4789 tt.
911 4747 953 4789 tt.

382 4814 547 4884 Vagabundi
558 4818 655 4888 ubt'que
664 4829 830 4886 praesentes.
843 4837 868 4871 a.
885 4831 924 4872 tt.

378 4901 637 4972 Praesentales-pui
649 4913 675 4955 et
689 4913 756 4974 quot
767 4904 855 4959 olim?
866 4921 893 4957 n.
909 4915 948 4956 tt.

380 4987 519 5042 cononici
526 4997 683 5058 praesentes
694 4990 761 5060 qui?
772 5008 799 5042 n.
816 5000 854 5042 99.

380 5073 448 5142 Qut,
461 5077 653 5149 rotronejuris
663 5077 774 5130 civilis?
785 5097 812 5129 a.
828 5087 869 5131 ts.

349 5179 357 5188 ·
376 5159 540 5214 Praesentia
552 5162 675 5217 excludit
686 5162 883 5232 ignorantiam.
899 5177 925 5215 n.
941 5173 982 5216 tt.
998 5172 1038 5216 ts.

375 5244 455 5298 Sedes
462 5245 634 5316 praesentiae
647 5248 748 5318 injure
759 5267 822 5304 can.
838 5267 868 5298 n.
882 5257 921 5300 99.

374 5331 488 5406 Esjure
502 5331 582 5390 aloiti.
597 5353 625 5386 ιι.
641 5347 681 5388 so.

373 5415 467 5470 Dictio
480 5415 742 5487 inpraesentiarum.
757 5437 786 5471 ιι.
804 5430 847 5473 at.
861 5435 931 5492 supp.

373 5499 552 5554 Praesentiae
566 5501 699 5573 tbfinitio·
713 5523 738 5558 a.
755 5514 796 5558 st.

374 5584 550 5654 Explicatur.
566 5605 593 5640 n.
609 5599 649 5642 99,
663 5599 767 5662 elseqp.

373 5666 517 5722 Praesens
531 5689 567 5724 an
581 5672 716 5744 intelligat
729 5673 925 5746 slzstiaguitur?
937 5693 964 5728 n.
981 5687 1024 5729 99.

1272 1709 1429 1780 Negaturia
1444 1713 1561 1769 statutis.
1576 1733 1604 1767 n.
1621 1727 1661 1768 st.

1275 1794 1462 1864 Distisrguitur
1472 1799 1500 1852 in
1516 1800 1643 1853 ciuilibus.
1658 1819 1685 1853 ιι.
1701 1811 1742 1854 99.

1276 1879 1340 1924 Vna·
1352 1895 1438 1924 eoram
1453 1883 1519 1942 quid
1531 1884 1659 1930 denotet?
1673 1904 1700 1932 n.
1714 1897 1755 1934 99.

1276 1951 1363 2006 Testis
1375 1971 1481 2024 semper
1492 1959 1625 2030 intelligat.
1639 1981 1667 2015 a.
1681 1975 1726 2017 99.

1267 2039 1394 2092 Paesetts
1406 2059 1443 2094 an
1457 2047 1633 2099 consentiat?
1645 2068 1673 2102 ιι.
1688 2061 1729 2102 99.

1266 2119 1392 2190 Effectus
1401 2129 1569 2194 quaestionis
1581 2129 1612 2182 in
1622 2133 1763 2200 exempb's.
1779 2153 1805 2188 rt.
1821 2147 1863 2189 99·
1879 2147 1919 2189 st.

1265 2207 1454 2276 despondetur
1464 2228 1525 2264 cum
1538 2213 1721 2270 distractione.
1734 2233 1758 2270 n.
1775 2227 1817 2270 se.
1832 2230 1873 2272 ss.
1888 2235 1973 2291 usque
1987 2233 2031 2274 tt.

1263 2291 1439 2346 Praesentiae
1448 2297 1577 2358 probatio
1590 2301 1756 2356 necessaria.
1772 2321 1799 2356 n.
1816 2313 1859 2355 ta.

1267 2377 1383 2442 Quando
1395 2384 1602 2446 praesumatur?
1616 2401 1644 2436 n.
1659 2395 1699 2438 ts.
1715 2397 1758 2440 99.
1771 2397 1812 2440 99.

1265 2460 1409 2524 Quomodo
1422 2464 1450 2513 ia
1464 2462 1546 2516 dubio
1556 2472 1774 2532 praesumatur?
1785 2491 1813 2527 ιι.
1828 2485 1871 2528 99.
1884 2487 1926 2531 99.

1260 2541 1290 2592 A
1303 2559 1358 2610 puo
1371 2545 1536 2612 probanda,
1550 2559 1576 2601 et
1588 2552 1658 2606 cur?
1670 2573 1697 2606 n.
1713 2565 1758 2608 99.

1259 2624 1287 2674 A
1294 2626 1441 2694 praeterito
1455 2631 1627 2701 adpraesens
1638 2639 1715 2691 ualet
1726 2653 1926 2711 argumentum.
1942 2665 1971 2700 ιι.
1983 2657 2022 2699 ιι.

1258 2713 1418 2766 Praesentr's
1438 2734 1496 2770 aon
1513 2729 1553 2772 est
1572 2740 1609 2775 ea·
1627 2731 1770 2794 praesenti
1786 2731 1818 2783 de
1825 2729 1930 2799 sutura
1943 2733 2068 2808 judicam-

1293 2811 1320 2844 rt.
1337 2805 1379 2847 86·

1258 2877 1374 2944 Argum.
1387 2899 1404 2932 a
1414 2884 1564 2950 praeterito
1577 2890 1685 2958 quando
1699 2893 1810 2950 paleati
1821 2913 1849 2948 ιι.
1865 2908 1906 2951 99.

1256 2959 1421 3029 Artisiaialr's
1430 2969 1556 3036 probatio
1568 2971 1715 3044 impropria
1729 2987 1776 3030 est.
1789 2997 1815 3030 ιι.
1827 2991 1869 3034 99.

1257 3045 1360 3099 Melior
1370 3047 1564 3120 inartificialis.
1578 3073 1606 3108 ιι.
1623 3070 1666 3109 99.
1682 3071 1724 3114 99.

1261 3131 1334 3198 Quot
1347 3141 1426 3187 testes
1437 3140 1639 3208 requirantur?
1652 3161 1678 3194 n.
1694 3155 1737 3197 st.

1259 3215 1363 3282 Quales
1375 3235 1432 3272 esse
1443 3219 1583 3274 debeant?
1595 3241 1623 3276 ιι.
1639 3237 1683 3278 st.

1257 3301 1289 3350 Ia
1303 3301 1512 3359 contradicendo
1525 3305 1734 3378 affirmantibus
1744 3313 1913 3371 credendum.
1925 3335 1954 3370 ιι.
1971 3328 2013 3372 99.

1257 3383 1415 3442 almisator.
1429 3406 1456 3441 n.
1473 3397 1514 3440 st.

1255 3491 1345 3604 Cam
1364 3553 1473 3607 exordia
1492 3573 1539 3610 nos
1565 3558 1597 3611 ad
1617 3561 1762 3630 praesentis
1788 3564 1910 3620 materiae
1929 3567 2066 3624 lectionem
2100 3564 2105 3597 ⁸

1252 3635 1412 3704 producant,
1427 3651 1453 3692 et
1472 3639 1635 3709 faciliorem,
1647 3647 1751 3716 quoties
1769 3663 1800 3701 eo
1820 3651 1986 3718 macrianus,
2000 3671 2066 3722 prse-

1253 3727 1322 3770 neoi
1340 3716 1521 3788 intellectum,
1540 3728 1559 3778 t.-
1583 3739 1604 3779 ι.
1618 3727 1668 3796 ff
1682 3731 1714 3783 cte
1739 3733 1807 3802 orig.
1819 3733 1879 3804 jar.
1902 3737 1921 3790 t
1944 3735 2018 3807 aff.
2035 3739 2065 3792 de

1253 3801 1305 3854 reb.
1324 3804 1395 3856 cred.
1416 3810 1434 3858 l.
1457 3819 1479 3860 t.
1499 3815 1521 3871 ς.
1544 3822 1565 3862 t.
1575 3811 1617 3879 ffi
1637 3813 1669 3867 de
1685 3816 1780 3884 pactis.
1798 3819 1931 3874 llascard.
1950 3823 1985 3876 de
1999 3840 2062 3894 pro-

1249 3885 1303 3937 bot.
1322 3889 1379 3942 ool.
1402 3901 1422 3940 t.
1441 3907 1561 3958 prooema
1583 3897 1692 3966 Aliquid
1710 3901 1824 3952 osntaiuo
1842 3905 1896 3956 erit
1914 3919 1940 3961 et
1957 3907 2025 3972 hic,
2043 3911 2065 3961 si

1232 3965 1322 4022 'more
1340 3981 1365 4024 et
1385 3973 1509 4029 methodo
1525 3978 1595 4031 ictis
1614 3982 1691 4035 solita
1716 3995 1741 4038 et
1759 3986 1911 4040 iustiniani
1932 3993 2021 4045 nostri
2041 4009 2064 4046 s·

1248 4055 1354 4126 xemplo
1373 4063 1394 4118 ς.
1416 4069 1438 4110 t.
1449 4061 1475 4130 j.
1496 4061 1529 4115 de
1546 4063 1626 4134 otttg.
1648 4087 1719 4135 puae
1736 4087 1773 4122 ea
1790 4071 1841 4122 del.
1860 4074 1879 4124 t.
1901 4085 1925 4126 t.
1943 4075 1978 4129 de
1993 4095 2065 4148 aequ.

1230 4217 1235 4228 Ι
1246 4155 1321 4206 poss.
1339 4140 1367 4192 l..
1380 4155 1402 4195 t.
1411 4141 1452 4210 ff.
1465 4147 1592 4216 dejustit.
1607 4151 1694 4220 stiur.
1708 4153 1725 4206 l.
1744 4167 1765 4205 t.
1778 4157 1912 4226 defurts's.
1929 4159 1957 4212 in
1978 4161 2062 4232 ipsam

1236 4225 1410 4292 ‘praesentiae
1423 4228 1572 4297 originem,
1586 4233 1753 4292 brevissimis
1772 4251 1876 4305 tuanen,
1891 4243 2063 4312 inquisisero.

1247 4307 1314 4358 Nam
1333 4309 1366 4361 da
1379 4313 1437 4379 jure
1447 4325 1472 4369 et
1486 4317 1636 4388 multiplici
1654 4323 1773 4388 ejusdem
1793 4323 1994 4396 significatione
2006 4351 2064 4402 pro·
2095 4341 2105 4379 ²

1246 4389 1329 4442 lisias
1346 4409 1437 4461 agere,
1458 4397 1529 4454 nihil
1547 4403 1702 4456 essetaliud
1717 4441 1725 4470 ‚
1738 4425 1816 4477 quam
1831 4410 1968 4467 crambem
1988 4415 2064 4470 toties

1248 4474 1379 4545 totiesque
1396 4489 1514 4546 coctana,
1527 4485 1634 4540 noviter
1650 4500 1780 4544 recoctam
1799 4494 1897 4548 iterum
1917 4515 2062 4568 apponere.

1228 4632 1231 4638 Ι
1248 4556 1343 4610 videri
1363 4571 1463 4630 potest,
1482 4565 1525 4617 cui
1552 4569 1661 4640 volupe,
1680 4572 1768 4626 Hahn.
1796 4577 1827 4628 ad
1847 4581 2013 4636 Wesenbec.
2033 4584 2064 4636 de

1234 4637 1329 4713 ‘justit
1348 4653 1375 4696 et
1380 4645 1450 4716 jure
1467 4665 1493 4699 ιι.
1511 4659 1551 4702 tt.
1564 4654 1666 4709 Molina
1686 4655 1720 4710 de
1725 4659 1791 4726 just.
1804 4672 1832 4712 et
1846 4662 1899 4730 jur.
1919 4676 1941 4718 t.
1955 4669 2027 4734 disp.
2041 4678 2063 4718 t.

1247 4725 1352 4779 lessius
1365 4730 1397 4780 de
1402 4751 1424 4798 J
1438 4740 1464 4783 et
1470 4749 1496 4806 J
1509 4735 1524 4786 l.
1542 4745 1564 4786 t.
1580 4757 1601 4789 c.
1617 4749 1638 4790 t.
1651 4741 1709 4793 diat.
1728 4753 1751 4792 t.
1765 4743 1913 4800 Boecltelm.
1926 4751 1965 4803 od
1979 4749 2063 4819 ticffi

1246 4809 1280 4862 de
1290 4812 1360 4884 just.
1381 4823 1408 4867 et
1419 4815 1442 4883 p'.
1457 4833 1484 4884 p.
1507 4827 1529 4868 t.
1550 4839 1578 4872 a.
1601 4835 1641 4874 19.
1655 4825 1780 4878 Sobotani
1794 4846 1911 4884 examen
1921 4833 1980 4900 jur.
1993 4844 2063 4905 part·

1250 4905 1273 4946 t.
1291 4915 1337 4967 qu.
1357 4909 1381 4950 9.
1407 4900 1440 4953 da
1454 4902 1476 4969 1'.
1501 4913 1528 4956 et
1539 4905 1565 4976 j
1592 4905 1645 4961 ilic
1670 4909 1834 4964 Vocabulum
1861 4914 1929 4982 juris
1949 4935 2000 4988 pro
2018 4936 2062 4980 eo.
2095 4922 2104 4960 ³

1243 4981 1315 5046 qnod
1335 4981 1404 5034 cirea
1424 5000 1479 5036 rem
1498 4988 1641 5056 quamdam
1656 4992 1757 5057 justum
1784 5003 1837 5059 est,
1859 4998 1998 5066 capimus;
2017 5015 2064 5051 aec

1243 5063 1317 5117 enim
1330 5066 1383 5119 alio
1396 5083 1474 5122 sensu
1494 5087 1535 5122 res
1554 5073 1587 5122 ad
1607 5071 1738 5141 objectum
1750 5077 1817 5143 juris
1833 5079 1971 5146 pertinet,
1985 5101 2061 5151 quam

1243 5165 1294 5217 qua
1312 5151 1353 5217 jus
1373 5151 1451 5204 rebus
1476 5155 1607 5223 applicari
1632 5159 1712 5224 salet,
1732 5173 1756 5214 ct
1779 5163 1895 5216 actiones
1921 5165 2060 5220 hominnm

1226 5233 1314 5286 eirea
1335 5253 1377 5288 res
1395 5248 1549 5308 occupatae,
1569 5241 1689 5308 justitiae
1706 5245 1806 5314 regulis
1826 5247 2012 5316 applicandae.

1278 5319 1447 5374 Praesentiac
1464 5339 1552 5376 rocem
1572 5343 1734 5394 apraeseas
1761 5328 1896 5395 derivari,
1916 5335 1998 5404 vulgo
2018 5351 2063 5386 no·
2096 5345 2104 5380 t

1243 5409 1298 5454 tum
1317 5413 1371 5456 est:
1391 5405 1507 5458 indeed
1527 5407 1644 5464 diversas
1663 5415 1828 5480 praesentiae
1846 5412 2062 5485 significationes

1241 5501 1422 5559 properamus,
1433 5507 1497 5559 quas
1510 5510 1559 5562 pro
1577 5493 1739 5550 diversitate
1749 5497 1860 5566 subjecti
1875 5499 1984 5570 recipit.
2002 5504 2056 5570 Ap·
2092 5526 2101 5560 s

1239 5571 1351 5641 plicatur
1368 5581 1456 5628 autem
1469 5578 1634 5644 praesentiae
1648 5577 1800 5633 vocabulum
1816 5583 1914 5650 partim
1929 5584 1988 5650 rei,
2002 5602 2061 5654 par·

1240 5655 1288 5708 tim
1307 5657 1432 5728 tempori,
1453 5661 1548 5728 purtim
1574 5680 1710 5733 personae.
1731 5660 1806 5718 luter
1833 5681 1875 5718 res
1894 5678 2056 5737 praesentes
2092 5681 2102 5718 t
