<?xml version="1.0" encoding="UTF-8"?>
<!DOCTYPE html PUBLIC "-//W3C//DTD XHTML 1.0 Transitional//EN"
    "http://www.w3.org/TR/xhtml1/DTD/xhtml1-transitional.dtd">
<html xmlns="http://www.w3.org/1999/xhtml" xml:lang="en" lang="en">
 <head>
  <title>
</title>
<meta http-equiv="Content-Type" content="text/html;charset=utf-8" />
  <meta name='ocr-system' content='tesseract 3.04.00' />
  <meta name='ocr-capabilities' content='ocr_page ocr_carea ocr_par ocr_line ocrx_word'/>
</head>
<body>
  <div class='ocr_page' id='page_1' title='image "./samuelisstrykii08schogoog_0303.png"; bbox 0 0 4476 6274; ppageno 0'>
   <div class='ocr_carea' id='block_1_1' title="bbox 252 247 1846 354">
    <p class='ocr_par' dir='ltr' id='par_1_1' title="bbox 252 247 1846 354">
     <span class='ocr_line' id='line_1_1' title="bbox 252 247 1846 354; baseline -0.013 0"><span class='ocrx_word' id='word_1_1' title='bbox 252 299 301 354; x_wconf 76' lang='grc' dir='ltr'><strong>ι..</strong></span> <span class='ocrx_word' id='word_1_2' title='bbox 758 283 1307 348; x_wconf 75' lang='lat' dir='ltr'><strong>nssnnrvrousunoonrsne.</strong></span> <span class='ocrx_word' id='word_1_3' title='bbox 1347 247 1353 259; x_wconf 38' lang='lat'><em>³</em></span> <span class='ocrx_word' id='word_1_4' title='bbox 1793 279 1846 336; x_wconf 76' lang='grc' dir='ltr'><strong>ι..</strong></span> 
     </span>
    </p>
   </div>
   <div class='ocr_carea' id='block_1_2' title="bbox 197 375 1892 1472">
    <p class='ocr_par' dir='ltr' id='par_1_2' title="bbox 197 375 1892 1472">
     <span class='ocr_line' id='line_1_2' title="bbox 203 375 1882 482; baseline -0.011 -18"><span class='ocrx_word' id='word_1_5' title='bbox 203 395 322 464; x_wconf 83' lang='lat' dir='ltr'><strong>clario.</strong></span> <span class='ocrx_word' id='word_1_6' title='bbox 347 389 446 478; x_wconf 80' lang='lat' dir='ltr'><strong>(linet</strong></span> <span class='ocrx_word' id='word_1_7' title='bbox 468 387 556 482; x_wconf 81' lang='lat' dir='ltr'><strong>opud</strong></span> <span class='ocrx_word' id='word_1_8' title='bbox 580 409 639 456; x_wconf 87' lang='lat' dir='ltr'><strong>nos</strong></span> <span class='ocrx_word' id='word_1_9' title='bbox 662 383 704 453; x_wconf 87' lang='lat' dir='ltr'><strong>de</strong></span> <span class='ocrx_word' id='word_1_10' title='bbox 727 408 766 452; x_wconf 89' lang='lat' dir='ltr'><strong>eo</strong></span> <span class='ocrx_word' id='word_1_11' title='bbox 788 407 864 452; x_wconf 80' lang='lat' dir='ltr'><strong>casu</strong></span> <span class='ocrx_word' id='word_1_12' title='bbox 889 405 1005 472; x_wconf 83' lang='lat' dir='ltr'><strong>parum</strong></span> <span class='ocrx_word' id='word_1_13' title='bbox 1028 380 1132 448; x_wconf 87' lang='lat' dir='ltr'><strong>simus</strong></span> <span class='ocrx_word' id='word_1_14' title='bbox 1156 377 1331 467; x_wconf 84' lang='lat' dir='ltr'><strong>solliciti,)</strong></span> <span class='ocrx_word' id='word_1_15' title='bbox 1355 377 1407 444; x_wconf 87' lang='lat' dir='ltr'><strong>vel</strong></span> <span class='ocrx_word' id='word_1_16' title='bbox 1433 399 1491 468; x_wconf 88' lang='lat' dir='ltr'><strong>per</strong></span> <span class='ocrx_word' id='word_1_17' title='bbox 1505 375 1690 446; x_wconf 86' lang='lat' dir='ltr'><strong>divortium</strong></span> <span class='ocrx_word' id='word_1_18' title='bbox 1704 378 1882 470; x_wconf 79' lang='lat' dir='ltr'><strong>contingit.</strong></span> 
     </span>
     <span class='ocr_line' id='line_1_3' title="bbox 205 468 1885 564; baseline -0.008 -14"><span class='ocrx_word' id='word_1_19' title='bbox 205 485 276 552; x_wconf 86' lang='lat' dir='ltr'><strong>Iuro</strong></span> <span class='ocrx_word' id='word_1_20' title='bbox 300 488 359 551; x_wconf 84' lang='lat' dir='ltr'><strong>etsi</strong></span> <span class='ocrx_word' id='word_1_21' title='bbox 386 481 522 548; x_wconf 85' lang='lat' dir='ltr'><strong>maritus</strong></span> <span class='ocrx_word' id='word_1_22' title='bbox 547 481 582 546; x_wconf 93' lang='lat' dir='ltr'><strong>in</strong></span> <span class='ocrx_word' id='word_1_23' title='bbox 607 502 683 546; x_wconf 88' lang='lat' dir='ltr'><strong>eurn</strong></span> <span class='ocrx_word' id='word_1_24' title='bbox 707 487 831 542; x_wconf 83' lang='lat' dir='ltr'><strong>statum</strong></span> <span class='ocrx_word' id='word_1_25' title='bbox 856 470 1048 564; x_wconf 81' lang='lat' dir='ltr'>redigatur,</span> <span class='ocrx_word' id='word_1_26' title='bbox 1072 493 1139 561; x_wconf 90' lang='lat' dir='ltr'><strong>quo</strong></span> <span class='ocrx_word' id='word_1_27' title='bbox 1163 491 1245 535; x_wconf 82' lang='lat' dir='ltr'><strong>uror</strong></span> <span class='ocrx_word' id='word_1_28' title='bbox 1270 469 1307 536; x_wconf 94' lang='lat' dir='ltr'><strong>in</strong></span> <span class='ocrx_word' id='word_1_29' title='bbox 1331 468 1637 559; x_wconf 78' lang='lat' dir='ltr'><strong>praesentissimum</strong></span> <span class='ocrx_word' id='word_1_30' title='bbox 1652 468 1740 536; x_wconf 89' lang='lat' dir='ltr'><strong>dotis</strong></span> <span class='ocrx_word' id='word_1_31' title='bbox 1755 473 1885 559; x_wconf 85' lang='lat' dir='ltr'><strong>perieu-</strong></span> 
     </span>
     <span class='ocr_line' id='line_1_4' title="bbox 205 557 1888 664; baseline -0.01 -23"><span class='ocrx_word' id='word_1_32' title='bbox 205 574 277 642; x_wconf 90' lang='lat' dir='ltr'><strong>lum</strong></span> <span class='ocrx_word' id='word_1_33' title='bbox 300 573 517 664; x_wconf 77' lang='lat' dir='ltr'><strong>conjiciatur,</strong></span> <span class='ocrx_word' id='word_1_34' title='bbox 542 571 576 636; x_wconf 92' lang='lat' dir='ltr'><strong>iu</strong></span> <span class='ocrx_word' id='word_1_35' title='bbox 602 567 718 636; x_wconf 81' lang='lat' dir='ltr'><strong>effectu</strong></span> <span class='ocrx_word' id='word_1_36' title='bbox 743 565 857 643; x_wconf 83' lang='lat' dir='ltr'><strong>cirili,</strong></span> <span class='ocrx_word' id='word_1_37' title='bbox 881 580 1046 652; x_wconf 79' lang='lat' dir='ltr'><strong>quantum</strong></span> <span class='ocrx_word' id='word_1_38' title='bbox 1071 560 1112 626; x_wconf 82' lang='lat' dir='ltr'><strong>od</strong></span> <span class='ocrx_word' id='word_1_39' title='bbox 1137 559 1368 649; x_wconf 72' lang='lat' dir='ltr'><strong>repetitionem</strong></span> <span class='ocrx_word' id='word_1_40' title='bbox 1392 557 1494 644; x_wconf 87' lang='lat' dir='ltr'><strong>dotis,</strong></span> <span class='ocrx_word' id='word_1_41' title='bbox 1519 561 1593 650; x_wconf 82' lang='lat' dir='ltr'><strong>jure</strong></span> <span class='ocrx_word' id='word_1_42' title='bbox 1627 558 1748 628; x_wconf 80' lang='lat' dir='ltr'><strong>viduae</strong></span> <span class='ocrx_word' id='word_1_43' title='bbox 1772 560 1888 625; x_wconf 87' lang='lat' dir='ltr'><strong>uarrci·</strong></span> 
     </span>
     <span class='ocr_line' id='line_1_5' title="bbox 197 647 1891 750; baseline -0.012 -18"><span class='ocrx_word' id='word_1_44' title='bbox 197 666 324 744; x_wconf 76' lang='lat' dir='ltr'><strong>scitur,</strong></span> <span class='ocrx_word' id='word_1_45' title='bbox 339 664 365 730; x_wconf 90' lang='lat' dir='ltr'><strong>l.</strong></span> <span class='ocrx_word' id='word_1_46' title='bbox 386 685 440 750; x_wconf 83' lang='lat' dir='ltr'><strong>sq.</strong></span> <span class='ocrx_word' id='word_1_47' title='bbox 456 685 487 727; x_wconf 83' lang='lat' dir='ltr'><strong>o.</strong></span> <span class='ocrx_word' id='word_1_48' title='bbox 502 660 546 728; x_wconf 88' lang='lat' dir='ltr'><strong>de</strong></span> <span class='ocrx_word' id='word_1_49' title='bbox 555 660 631 750; x_wconf 81' lang='lat' dir='ltr'><strong>jur.</strong></span> <span class='ocrx_word' id='word_1_50' title='bbox 648 657 719 724; x_wconf 87' lang='lat' dir='ltr'><strong>dot.</strong></span> <span class='ocrx_word' id='word_1_51' title='bbox 741 671 772 722; x_wconf 90' lang='lat' dir='ltr'><strong>et</strong></span> <span class='ocrx_word' id='word_1_52' title='bbox 788 653 837 721; x_wconf 80' lang='lat' dir='ltr'><strong>ibi</strong></span> <span class='ocrx_word' id='word_1_53' title='bbox 859 651 924 718; x_wconf 88' lang='lat' dir='ltr'><strong>dd.</strong></span> <span class='ocrx_word' id='word_1_54' title='bbox 950 651 1128 720; x_wconf 77' lang='lat' dir='ltr'><strong>Caeterum</strong></span> <span class='ocrx_word' id='word_1_55' title='bbox 1152 673 1228 716; x_wconf 87' lang='lat' dir='ltr'><strong>cum</strong></span> <span class='ocrx_word' id='word_1_56' title='bbox 1251 647 1375 716; x_wconf 87' lang='lat' dir='ltr'><strong>diversi</strong></span> <span class='ocrx_word' id='word_1_57' title='bbox 1391 649 1525 740; x_wconf 82' lang='lat' dir='ltr'><strong>generis</strong></span> <span class='ocrx_word' id='word_1_58' title='bbox 1543 653 1616 739; x_wconf 85' lang='lat' dir='ltr'><strong>jura</strong></span> <span class='ocrx_word' id='word_1_59' title='bbox 1633 651 1670 717; x_wconf 89' lang='lat' dir='ltr'><strong>in</strong></span> <span class='ocrx_word' id='word_1_60' title='bbox 1686 647 1787 716; x_wconf 88' lang='lat' dir='ltr'><strong>leudo</strong></span> <span class='ocrx_word' id='word_1_61' title='bbox 1802 671 1891 715; x_wconf 84' lang='lat' dir='ltr'><strong>cotn-</strong></span> 
     </span>
     <span class='ocr_line' id='line_1_6' title="bbox 205 736 1891 848; baseline -0.01 -27"><span class='ocrx_word' id='word_1_62' title='bbox 205 769 318 848; x_wconf 87' lang='lat' dir='ltr'><strong>petere</strong></span> <span class='ocrx_word' id='word_1_63' title='bbox 340 755 482 844; x_wconf 76' lang='lat' dir='ltr'><strong>possint,</strong></span> <span class='ocrx_word' id='word_1_64' title='bbox 505 751 549 816; x_wconf 87' lang='lat' dir='ltr'><strong>ab</strong></span> <span class='ocrx_word' id='word_1_65' title='bbox 573 751 639 817; x_wconf 86' lang='lat' dir='ltr'><strong>illis</strong></span> <span class='ocrx_word' id='word_1_66' title='bbox 666 748 761 814; x_wconf 90' lang='lat' dir='ltr'><strong>nobis</strong></span> <span class='ocrx_word' id='word_1_67' title='bbox 785 740 1010 811; x_wconf 82' lang='lat' dir='ltr'><strong>inchoandum</strong></span> <span class='ocrx_word' id='word_1_68' title='bbox 1033 739 1212 822; x_wconf 82' lang='lat' dir='ltr'><strong>duximus,</strong></span> <span class='ocrx_word' id='word_1_69' title='bbox 1236 763 1321 830; x_wconf 81' lang='lat' dir='ltr'><strong>quae</strong></span> <span class='ocrx_word' id='word_1_70' title='bbox 1353 736 1564 830; x_wconf 82' lang='lat' dir='ltr'><strong>frequentius</strong></span> <span class='ocrx_word' id='word_1_71' title='bbox 1596 741 1632 806; x_wconf 86' lang='lat' dir='ltr'><strong>in</strong></span> <span class='ocrx_word' id='word_1_72' title='bbox 1656 740 1891 831; x_wconf 65' lang='lat' dir='ltr'><strong>{quaestionem</strong></span> 
     </span>
     <span class='ocr_line' id='line_1_7' title="bbox 203 827 1887 931; baseline -0.011 -20"><span class='ocrx_word' id='word_1_73' title='bbox 203 847 370 920; x_wconf 81' lang='lat' dir='ltr'><strong>veniunt,</strong></span> <span class='ocrx_word' id='word_1_74' title='bbox 394 853 426 908; x_wconf 90' lang='lat' dir='ltr'><strong>et</strong></span> <span class='ocrx_word' id='word_1_75' title='bbox 450 841 542 931; x_wconf 84' lang='lat' dir='ltr'><strong>quusi</strong></span> <span class='ocrx_word' id='word_1_76' title='bbox 566 840 609 906; x_wconf 90' lang='lat' dir='ltr'><strong>de</strong></span> <span class='ocrx_word' id='word_1_77' title='bbox 633 851 750 904; x_wconf 83' lang='lat' dir='ltr'><strong>notura</strong></span> <span class='ocrx_word' id='word_1_78' title='bbox 776 836 881 925; x_wconf 84' lang='lat' dir='ltr'><strong>ipsius</strong></span> <span class='ocrx_word' id='word_1_79' title='bbox 905 831 995 900; x_wconf 85' lang='lat' dir='ltr'><strong>leudi</strong></span> <span class='ocrx_word' id='word_1_80' title='bbox 1021 843 1118 916; x_wconf 73' lang='lat' dir='ltr'><strong>euntq</strong></span> <span class='ocrx_word' id='word_1_81' title='bbox 1143 830 1305 922; x_wconf 81' lang='lat' dir='ltr'><strong>paulatim</strong></span> <span class='ocrx_word' id='word_1_82' title='bbox 1330 852 1408 897; x_wconf 82' lang='lat' dir='ltr'><strong>vero</strong></span> <span class='ocrx_word' id='word_1_83' title='bbox 1432 827 1623 898; x_wconf 80' lang='lat' dir='ltr'><strong>desinemus</strong></span> <span class='ocrx_word' id='word_1_84' title='bbox 1650 831 1686 895; x_wconf 88' lang='lat' dir='ltr'><strong>in</strong></span> <span class='ocrx_word' id='word_1_85' title='bbox 1715 853 1769 911; x_wconf 84' lang='lat' dir='ltr'><strong>es,</strong></span> <span class='ocrx_word' id='word_1_86' title='bbox 1798 851 1887 919; x_wconf 82' lang='lat' dir='ltr'><strong>quae</strong></span> 
     </span>
     <span class='ocr_line' id='line_1_8' title="bbox 203 919 1892 1028; baseline -0.009 -28"><span class='ocrx_word' id='word_1_87' title='bbox 203 951 332 1028; x_wconf 82' lang='lat' dir='ltr'><strong>praeter</strong></span> <span class='ocrx_word' id='word_1_88' title='bbox 357 951 506 999; x_wconf 79' lang='lat' dir='ltr'><strong>naturum</strong></span> <span class='ocrx_word' id='word_1_89' title='bbox 531 928 621 998; x_wconf 84' lang='lat' dir='ltr'><strong>leudi</strong></span> <span class='ocrx_word' id='word_1_90' title='bbox 650 925 851 1020; x_wconf 80' lang='lat' dir='ltr'>quandoque</span> <span class='ocrx_word' id='word_1_91' title='bbox 874 947 914 989; x_wconf 83' lang='lat' dir='ltr'><strong>ex</strong></span> <span class='ocrx_word' id='word_1_92' title='bbox 939 946 978 988; x_wconf 88' lang='lat' dir='ltr'><strong>eo</strong></span> <span class='ocrx_word' id='word_1_93' title='bbox 1002 935 1224 1012; x_wconf 71' lang='lat' dir='ltr'><strong>praestantur.</strong></span> <span class='ocrx_word' id='word_1_94' title='bbox 1249 921 1308 987; x_wconf 90' lang='lat' dir='ltr'><strong>Uti</strong></span> <span class='ocrx_word' id='word_1_95' title='bbox 1332 941 1410 985; x_wconf 88' lang='lat' dir='ltr'><strong>ero</strong></span> <span class='ocrx_word' id='word_1_96' title='bbox 1435 931 1506 1010; x_wconf 87' lang='lat' dir='ltr'><strong>post</strong></span> <span class='ocrx_word' id='word_1_97' title='bbox 1523 933 1663 987; x_wconf 89' lang='lat' dir='ltr'><strong>mortem</strong></span> <span class='ocrx_word' id='word_1_98' title='bbox 1677 919 1799 999; x_wconf 84' lang='lat' dir='ltr'><strong>mariti,</strong></span> <span class='ocrx_word' id='word_1_99' title='bbox 1816 919 1892 986; x_wconf 90' lang='lat' dir='ltr'><strong>seu·</strong></span> 
     </span>
     <span class='ocr_line' id='line_1_9' title="bbox 202 944 1889 1117; baseline -0.011 -24"><span class='ocrx_word' id='word_1_100' title='bbox 202 1028 238 1093; x_wconf 91' lang='lat' dir='ltr'><strong>di</strong></span> <span class='ocrx_word' id='word_1_101' title='bbox 261 1023 434 1117; x_wconf 85' lang='lat' dir='ltr'><strong>cujusdem</strong></span> <span class='ocrx_word' id='word_1_102' title='bbox 460 1021 672 1112; x_wconf 83' lang='lat' dir='ltr'><strong>possessoris,</strong></span> <span class='ocrx_word' id='word_1_103' title='bbox 695 1015 885 1082; x_wconf 74' lang='lat' dir='ltr'><strong>dotalitium</strong></span> <span class='ocrx_word' id='word_1_104' title='bbox 912 1013 1033 1080; x_wconf 80' lang='lat' dir='ltr'><strong>viduae</strong></span> <span class='ocrx_word' id='word_1_105' title='bbox 1058 1011 1190 1079; x_wconf 81' lang='lat' dir='ltr'><strong>relictae</strong></span> <span class='ocrx_word' id='word_1_106' title='bbox 1213 944 1468 1101; x_wconf 79' lang='lat' dir='ltr'><strong>praestandum,</strong></span> <span class='ocrx_word' id='word_1_107' title='bbox 1490 1023 1670 1102; x_wconf 82' lang='lat' dir='ltr'><strong>utromque</strong></span> <span class='ocrx_word' id='word_1_108' title='bbox 1694 1009 1772 1075; x_wconf 84' lang='lat' dir='ltr'><strong>lucit</strong></span> <span class='ocrx_word' id='word_1_109' title='bbox 1797 1009 1889 1100; x_wconf 81' lang='lat' dir='ltr'><strong>pogi-</strong></span> 
     </span>
     <span class='ocr_line' id='line_1_10' title="bbox 212 1098 1888 1204; baseline -0.011 -21"><span class='ocrx_word' id='word_1_110' title='bbox 212 1141 303 1196; x_wconf 82' lang='lat' dir='ltr'><strong>narn,</strong></span> <span class='ocrx_word' id='word_1_111' title='bbox 325 1112 436 1204; x_wconf 89' lang='lat' dir='ltr'><strong>deque</strong></span> <span class='ocrx_word' id='word_1_112' title='bbox 460 1131 499 1176; x_wconf 86' lang='lat' dir='ltr'><strong>eo</strong></span> <span class='ocrx_word' id='word_1_113' title='bbox 523 1108 753 1201; x_wconf 82' lang='lat' dir='ltr'><strong>principaliter</strong></span> <span class='ocrx_word' id='word_1_114' title='bbox 777 1105 1001 1197; x_wconf 82' lang='lat' dir='ltr'><strong>disquiritur,</strong></span> <span class='ocrx_word' id='word_1_115' title='bbox 1025 1127 1060 1168; x_wconf 86' lang='lat' dir='ltr'><strong>uc</strong></span> <span class='ocrx_word' id='word_1_116' title='bbox 1084 1124 1158 1168; x_wconf 85' lang='lat' dir='ltr'><strong>raro</strong></span> <span class='ocrx_word' id='word_1_117' title='bbox 1181 1101 1331 1168; x_wconf 76' lang='lat' dir='ltr'><strong>dotalitio</strong></span> <span class='ocrx_word' id='word_1_118' title='bbox 1354 1098 1528 1189; x_wconf 80' lang='lat' dir='ltr'><strong>repudiato</strong></span> <span class='ocrx_word' id='word_1_119' title='bbox 1562 1101 1602 1168; x_wconf 86' lang='lat' dir='ltr'><strong>ed</strong></span> <span class='ocrx_word' id='word_1_120' title='bbox 1634 1098 1745 1166; x_wconf 88' lang='lat' dir='ltr'><strong>dotem</strong></span> <span class='ocrx_word' id='word_1_121' title='bbox 1769 1121 1888 1190; x_wconf 81' lang='lat' dir='ltr'><strong>uppre-</strong></span> 
     </span>
     <span class='ocr_line' id='line_1_11' title="bbox 204 1188 1889 1287; baseline -0.013 -14"><span class='ocrx_word' id='word_1_122' title='bbox 204 1203 416 1273; x_wconf 87' lang='lat' dir='ltr'><strong>hendendam</strong></span> <span class='ocrx_word' id='word_1_123' title='bbox 441 1223 477 1266; x_wconf 87' lang='lat' dir='ltr'><strong>ea</strong></span> <span class='ocrx_word' id='word_1_124' title='bbox 501 1198 673 1280; x_wconf 82' lang='lat' dir='ltr'><strong>convolat,</strong></span> <span class='ocrx_word' id='word_1_125' title='bbox 697 1197 804 1287; x_wconf 89' lang='lat' dir='ltr'><strong>primo</strong></span> <span class='ocrx_word' id='word_1_126' title='bbox 828 1198 977 1262; x_wconf 89' lang='lat' dir='ltr'><strong>omnium</strong></span> <span class='ocrx_word' id='word_1_127' title='bbox 1002 1191 1044 1258; x_wconf 87' lang='lat' dir='ltr'><strong>de</strong></span> <span class='ocrx_word' id='word_1_128' title='bbox 1067 1215 1105 1258; x_wconf 90' lang='lat' dir='ltr'><strong>eo</strong></span> <span class='ocrx_word' id='word_1_129' title='bbox 1131 1191 1340 1271; x_wconf 86' lang='lat' dir='ltr'><strong>videbimus,</strong></span> <span class='ocrx_word' id='word_1_130' title='bbox 1364 1215 1403 1255; x_wconf 86' lang='lat' dir='ltr'><strong>ex</strong></span> <span class='ocrx_word' id='word_1_131' title='bbox 1426 1197 1522 1278; x_wconf 82' lang='lat' dir='ltr'><strong>cujus</strong></span> <span class='ocrx_word' id='word_1_132' title='bbox 1543 1191 1747 1282; x_wconf 82' lang='lat' dir='ltr'><strong>cognitione,</strong></span> <span class='ocrx_word' id='word_1_133' title='bbox 1763 1207 1797 1254; x_wconf 89' lang='lat' dir='ltr'><strong>et</strong></span> <span class='ocrx_word' id='word_1_134' title='bbox 1813 1188 1889 1254; x_wconf 89' lang='lat' dir='ltr'><strong>reli-</strong></span> 
     </span>
     <span class='ocr_line' id='line_1_12' title="bbox 205 1277 1887 1390; baseline -0.018 -28"><span class='ocrx_word' id='word_1_135' title='bbox 205 1319 269 1390; x_wconf 83' lang='lat' dir='ltr'><strong>qua</strong></span> <span class='ocrx_word' id='word_1_136' title='bbox 296 1301 370 1388; x_wconf 85' lang='lat' dir='ltr'><strong>jura</strong></span> <span class='ocrx_word' id='word_1_137' title='bbox 396 1313 464 1359; x_wconf 90' lang='lat' dir='ltr'><strong>non</strong></span> <span class='ocrx_word' id='word_1_138' title='bbox 489 1313 603 1382; x_wconf 82' lang='lat' dir='ltr'><strong>perum</strong></span> <span class='ocrx_word' id='word_1_139' title='bbox 628 1287 712 1354; x_wconf 88' lang='lat' dir='ltr'><strong>lucis</strong></span> <span class='ocrx_word' id='word_1_140' title='bbox 735 1287 909 1376; x_wconf 80' lang='lat' dir='ltr'><strong>accipient.</strong></span> <span class='ocrx_word' id='word_1_141' title='bbox 934 1286 1027 1374; x_wconf 84' lang='lat' dir='ltr'><strong>Rogo</strong></span> <span class='ocrx_word' id='word_1_142' title='bbox 1051 1299 1160 1348; x_wconf 86' lang='lat' dir='ltr'><strong>autem</strong></span> <span class='ocrx_word' id='word_1_143' title='bbox 1186 1281 1295 1347; x_wconf 89' lang='lat' dir='ltr'><strong>Deum</strong></span> <span class='ocrx_word' id='word_1_144' title='bbox 1321 1293 1344 1345; x_wconf 92' lang='lat' dir='ltr'><strong>t.</strong></span> <span class='ocrx_word' id='word_1_145' title='bbox 1368 1302 1397 1345; x_wconf 93' lang='lat' dir='ltr'><strong>o.</strong></span> <span class='ocrx_word' id='word_1_146' title='bbox 1425 1305 1471 1344; x_wconf 90' lang='lat' dir='ltr'><strong>ru.</strong></span> <span class='ocrx_word' id='word_1_147' title='bbox 1496 1280 1577 1349; x_wconf 85' lang='lat' dir='ltr'><strong>velit</strong></span> <span class='ocrx_word' id='word_1_148' title='bbox 1600 1279 1700 1360; x_wconf 84' lang='lat' dir='ltr'><strong>milti,</strong></span> <span class='ocrx_word' id='word_1_149' title='bbox 1724 1277 1887 1345; x_wconf 71' lang='lat' dir='ltr'><strong>nthacte.</strong></span> 
     </span>
     <span class='ocr_line' id='line_1_13' title="bbox 201 1367 1884 1472; baseline -0.011 -20"><span class='ocrx_word' id='word_1_150' title='bbox 201 1411 283 1470; x_wconf 84' lang='lat' dir='ltr'><strong>trus,</strong></span> <span class='ocrx_word' id='word_1_151' title='bbox 313 1386 357 1468; x_wconf 85' lang='lat' dir='ltr'><strong>ita</strong></span> <span class='ocrx_word' id='word_1_152' title='bbox 381 1399 416 1450; x_wconf 90' lang='lat' dir='ltr'><strong>et</strong></span> <span class='ocrx_word' id='word_1_153' title='bbox 440 1381 654 1472; x_wconf 86' lang='lat' dir='ltr'><strong>imposterum</strong></span> <span class='ocrx_word' id='word_1_154' title='bbox 678 1377 782 1468; x_wconf 81' lang='lat' dir='ltr'><strong>gratio</strong></span> <span class='ocrx_word' id='word_1_155' title='bbox 800 1400 853 1444; x_wconf 85' lang='lat' dir='ltr'><strong>sun</strong></span> <span class='ocrx_word' id='word_1_156' title='bbox 872 1374 1001 1454; x_wconf 80' lang='lat' dir='ltr'><strong>adesse,</strong></span> <span class='ocrx_word' id='word_1_157' title='bbox 1018 1385 1069 1457; x_wconf 78' lang='lat' dir='ltr'><strong>et,</strong></span> <span class='ocrx_word' id='word_1_158' title='bbox 1087 1395 1172 1464; x_wconf 83' lang='lat' dir='ltr'><strong>quae</strong></span> <span class='ocrx_word' id='word_1_159' title='bbox 1187 1370 1287 1437; x_wconf 88' lang='lat' dir='ltr'><strong>semel</strong></span> <span class='ocrx_word' id='word_1_160' title='bbox 1309 1369 1420 1460; x_wconf 78' lang='lat' dir='ltr'><strong>coepi,</strong></span> <span class='ocrx_word' id='word_1_161' title='bbox 1437 1395 1479 1436; x_wconf 84' lang='lat' dir='ltr'><strong>ex</strong></span> <span class='ocrx_word' id='word_1_162' title='bbox 1494 1369 1561 1436; x_wconf 82' lang='lat' dir='ltr'><strong>alto</strong></span> <span class='ocrx_word' id='word_1_163' title='bbox 1583 1368 1792 1454; x_wconf 85' lang='lat' dir='ltr'><strong>benedicere,</strong></span> <span class='ocrx_word' id='word_1_164' title='bbox 1816 1367 1884 1434; x_wconf 83' lang='lat' dir='ltr'><strong>fiat!</strong></span> 
     </span>
    </p>
   </div>
   <div class='ocr_carea' id='block_1_3' title="bbox 202 1476 1266 1907">
    <p class='ocr_par' dir='ltr' id='par_1_3' title="bbox 202 1476 1266 1907">
     <span class='ocr_line' id='line_1_14' title="bbox 202 1476 402 1567; baseline -0.03 -22"><span class='ocrx_word' id='word_1_165' title='bbox 202 1476 255 1545; x_wconf 87' lang='lat' dir='ltr'><strong>Sit</strong></span> <span class='ocrx_word' id='word_1_166' title='bbox 281 1477 402 1567; x_wconf 84' lang='lat' dir='ltr'><strong>itaque.</strong></span> 
     </span>
     <span class='ocr_line' id='line_1_15' title="bbox 823 1645 1266 1720; baseline -0.009 0"><span class='ocrx_word' id='word_1_167' title='bbox 823 1648 857 1720; x_wconf 86' lang='lat' dir='ltr'><strong>·C</strong></span> <span class='ocrx_word' id='word_1_168' title='bbox 904 1648 937 1716; x_wconf 79' lang='lat' dir='ltr'>A</span> <span class='ocrx_word' id='word_1_169' title='bbox 984 1645 1012 1714; x_wconf 85' lang='lat' dir='ltr'>P</span> <span class='ocrx_word' id='word_1_170' title='bbox 1058 1651 1091 1717; x_wconf 91' lang='lat' dir='ltr'><strong>U</strong></span> <span class='ocrx_word' id='word_1_171' title='bbox 1135 1651 1169 1718; x_wconf 89' lang='grc' dir='ltr'><strong>Τ</strong></span> <span class='ocrx_word' id='word_1_172' title='bbox 1236 1651 1266 1717; x_wconf 94' lang='grc' dir='ltr'><strong>Ῑ.</strong></span> 
     </span>
     <span class='ocr_line' id='line_1_16' title="bbox 870 1816 1214 1907; baseline 0 -19"><span class='ocrx_word' id='word_1_173' title='bbox 870 1819 924 1888; x_wconf 84' lang='lat' dir='ltr'><strong>De</strong></span> <span class='ocrx_word' id='word_1_174' title='bbox 941 1816 1024 1907; x_wconf 83' lang='lat' dir='ltr'><strong>jure</strong></span> <span class='ocrx_word' id='word_1_175' title='bbox 1049 1818 1214 1890; x_wconf 84' lang='lat' dir='ltr'><strong>dotalitii.</strong></span> 
     </span>
    </p>
   </div>
   <div class='ocr_carea' id='block_1_4' title="bbox 189 1992 1893 5768">
    <p class='ocr_par' dir='ltr' id='par_1_4' title="bbox 189 1992 1893 5768">
     <span class='ocr_line' id='line_1_17' title="bbox 439 1992 1553 2064; baseline -0.008 -11"><span class='ocrx_word' id='word_1_176' title='bbox 439 2000 463 2052; x_wconf 72' lang='grc' dir='ltr'><strong>ι’</strong></span> <span class='ocrx_word' id='word_1_177' title='bbox 483 1999 511 2053; x_wconf 84' lang='lat' dir='ltr'><em>U</em></span> <span class='ocrx_word' id='word_1_178' title='bbox 526 1994 562 2048; x_wconf 70' lang='grc' dir='ltr'><em>Π</em></span> <span class='ocrx_word' id='word_1_179' title='bbox 577 1992 612 2046; x_wconf 73' lang='grc' dir='ltr'><em>Μ</em></span> <span class='ocrx_word' id='word_1_180' title='bbox 626 1997 656 2050; x_wconf 76' lang='lat' dir='ltr'><em>A</em></span> <span class='ocrx_word' id='word_1_181' title='bbox 673 1996 700 2050; x_wconf 74' lang='lat' dir='ltr'><em>R</em></span> <span class='ocrx_word' id='word_1_182' title='bbox 718 1993 780 2048; x_wconf 73' lang='lat' dir='ltr'><strong>{A</strong></span> <span class='ocrx_word' id='word_1_183' title='bbox 1071 1993 1105 2050; x_wconf 77' lang='lat' dir='ltr'><strong>Si</strong></span> <span class='ocrx_word' id='word_1_184' title='bbox 1114 1992 1268 2049; x_wconf 82' lang='lat' dir='ltr'><strong>dotalitium</strong></span> <span class='ocrx_word' id='word_1_185' title='bbox 1282 1992 1346 2049; x_wconf 84' lang='lat' dir='ltr'><strong>dote</strong></span> <span class='ocrx_word' id='word_1_186' title='bbox 1358 1992 1454 2064; x_wconf 76' lang='lat' dir='ltr'><strong>majus·</strong></span> <span class='ocrx_word' id='word_1_187' title='bbox 1468 2009 1496 2046; x_wconf 90' lang='grc' dir='ltr'><strong>ιι.</strong></span> <span class='ocrx_word' id='word_1_188' title='bbox 1511 2000 1553 2044; x_wconf 88' lang='grc' dir='ltr'><strong>ιι.</strong></span> 
     </span>
     <span class='ocr_line' id='line_1_18' title="bbox 1068 2074 1544 2141; baseline -0.006 -11"><span class='ocrx_word' id='word_1_189' title='bbox 1068 2077 1214 2141; x_wconf 81' lang='lat' dir='ltr'><strong>Simr’nus,</strong></span> <span class='ocrx_word' id='word_1_190' title='bbox 1229 2085 1255 2128; x_wconf 87' lang='lat' dir='ltr'><strong>et</strong></span> <span class='ocrx_word' id='word_1_191' title='bbox 1266 2074 1352 2130; x_wconf 83' lang='lat' dir='ltr'><strong>vidua</strong></span> <span class='ocrx_word' id='word_1_192' title='bbox 1365 2075 1452 2129; x_wconf 87' lang='lat' dir='ltr'><strong>laesa.</strong></span> <span class='ocrx_word' id='word_1_193' title='bbox 1463 2091 1490 2125; x_wconf 88' lang='lat' dir='ltr'><strong>n.</strong></span> <span class='ocrx_word' id='word_1_194' title='bbox 1503 2083 1544 2127; x_wconf 87' lang='grc' dir='ltr'><strong>ιι.</strong></span> 
     </span>
     <span class='ocr_line' id='line_1_19' title="bbox 196 2151 1879 2234; baseline -0.001 -23"><span class='ocrx_word' id='word_1_195' title='bbox 196 2165 360 2226; x_wconf 58' lang='lat' dir='ltr'><strong>„ominium</strong></span> <span class='ocrx_word' id='word_1_196' title='bbox 372 2163 457 2234; x_wconf 70' lang='lat' dir='ltr'><strong>quid?</strong></span> <span class='ocrx_word' id='word_1_197' title='bbox 470 2181 497 2218; x_wconf 82' lang='grc' dir='ltr'><strong>ιι,</strong></span> <span class='ocrx_word' id='word_1_198' title='bbox 515 2173 538 2218; x_wconf 85' lang='grc' dir='ltr'><strong>ι.</strong></span> <span class='ocrx_word' id='word_1_199' title='bbox 1070 2159 1162 2211; x_wconf 85' lang='lat' dir='ltr'><strong>Datur</strong></span> <span class='ocrx_word' id='word_1_200' title='bbox 1177 2155 1276 2211; x_wconf 73' lang='lat' dir='ltr'><strong>viduae</strong></span> <span class='ocrx_word' id='word_1_201' title='bbox 1294 2157 1334 2210; x_wconf 84' lang='lat' dir='ltr'><strong>oei</strong></span> <span class='ocrx_word' id='word_1_202' title='bbox 1348 2155 1443 2225; x_wconf 86' lang='lat' dir='ltr'><strong>pensio</strong></span> <span class='ocrx_word' id='word_1_203' title='bbox 1462 2156 1504 2210; x_wconf 83' lang='lat' dir='ltr'><strong>eei</strong></span> <span class='ocrx_word' id='word_1_204' title='bbox 1521 2155 1689 2226; x_wconf 72' lang='lat' dir='ltr'><strong>ususfructus</strong></span> <span class='ocrx_word' id='word_1_205' title='bbox 1697 2151 1783 2223; x_wconf 80' lang='lat' dir='ltr'><strong>feudi.</strong></span> <span class='ocrx_word' id='word_1_206' title='bbox 1795 2173 1823 2210; x_wconf 87' lang='lat' dir='ltr'><strong>n.</strong></span> <span class='ocrx_word' id='word_1_207' title='bbox 1837 2165 1879 2209; x_wconf 87' lang='grc' dir='ltr'><strong>ιι.</strong></span> 
     </span>
     <span class='ocr_line' id='line_1_20' title="bbox 198 2237 1884 2324; baseline -0.007 -20"><span class='ocrx_word' id='word_1_208' title='bbox 198 2253 270 2324; x_wconf 71' lang='lat' dir='ltr'><strong>Bitu</strong></span> <span class='ocrx_word' id='word_1_209' title='bbox 282 2265 474 2322; x_wconf 65' lang='lat' dir='ltr'><strong>synonymum</strong></span> <span class='ocrx_word' id='word_1_210' title='bbox 486 2243 626 2314; x_wconf 72' lang='grc' dir='ltr'><em>υσὸβοιοι.</em></span> <span class='ocrx_word' id='word_1_211' title='bbox 639 2259 667 2296; x_wconf 92' lang='grc' dir='ltr'><strong>ιι.</strong></span> <span class='ocrx_word' id='word_1_212' title='bbox 681 2253 706 2297; x_wconf 87' lang='grc' dir='ltr'><strong>ι.</strong></span> <span class='ocrx_word' id='word_1_213' title='bbox 1069 2243 1109 2296; x_wconf 83' lang='lat'><strong>11.</strong></span> <span class='ocrx_word' id='word_1_214' title='bbox 1133 2243 1169 2296; x_wconf 80' lang='lat' dir='ltr'><strong>iit</strong></span> <span class='ocrx_word' id='word_1_215' title='bbox 1179 2240 1283 2294; x_wconf 87' lang='lat' dir='ltr'><strong>reresit</strong></span> <span class='ocrx_word' id='word_1_216' title='bbox 1294 2239 1372 2296; x_wconf 89' lang='lat' dir='ltr'><strong>iliata</strong></span> <span class='ocrx_word' id='word_1_217' title='bbox 1382 2257 1390 2304; x_wconf 69' lang='grc' dir='ltr'><strong>ι</strong></span> <span class='ocrx_word' id='word_1_218' title='bbox 1401 2237 1477 2312; x_wconf 74' lang='lat' dir='ltr'><strong>eujus</strong></span> <span class='ocrx_word' id='word_1_219' title='bbox 1486 2239 1611 2308; x_wconf 78' lang='lat' dir='ltr'><strong>prolatio</strong></span> <span class='ocrx_word' id='word_1_220' title='bbox 1635 2238 1766 2294; x_wconf 77' lang='lat' dir='ltr'><strong>incumbit</strong></span> <span class='ocrx_word' id='word_1_221' title='bbox 1781 2239 1884 2296; x_wconf 82' lang='lat' dir='ltr'><strong>viduae</strong></span> 
     </span>
     <span class='ocr_line' id='line_1_21' title="bbox 202 2334 1189 2409; baseline -0.016 -17"><span class='ocrx_word' id='word_1_222' title='bbox 202 2342 273 2396; x_wconf 78' lang='lat' dir='ltr'><strong>Heus</strong></span> <span class='ocrx_word' id='word_1_223' title='bbox 287 2336 345 2409; x_wconf 66' lang='lat' dir='ltr'><strong>qus</strong></span> <span class='ocrx_word' id='word_1_224' title='bbox 357 2334 431 2406; x_wconf 84' lang='lat' dir='ltr'><strong>apud</strong></span> <span class='ocrx_word' id='word_1_225' title='bbox 443 2334 560 2388; x_wconf 78' lang='lat' dir='ltr'><strong>diuersas</strong></span> <span class='ocrx_word' id='word_1_226' title='bbox 570 2338 669 2399; x_wconf 70' lang='lat' dir='ltr'><strong>gentes.</strong></span> <span class='ocrx_word' id='word_1_227' title='bbox 683 2344 711 2380; x_wconf 92' lang='grc' dir='ltr'><strong>ιι.</strong></span> <span class='ocrx_word' id='word_1_228' title='bbox 726 2337 749 2382; x_wconf 86' lang='grc' dir='ltr'><strong>ι.</strong></span> <span class='ocrx_word' id='word_1_229' title='bbox 1108 2341 1135 2377; x_wconf 93' lang='grc' dir='ltr'><strong>ιι.</strong></span> <span class='ocrx_word' id='word_1_230' title='bbox 1147 2337 1189 2377; x_wconf 87' lang='grc' dir='ltr'><strong>ιι.</strong></span> 
     </span>
     <span class='ocr_line' id='line_1_22' title="bbox 199 2406 1617 2493; baseline -0.013 -15"><span class='ocrx_word' id='word_1_231' title='bbox 199 2422 255 2493; x_wconf 79' lang='lat' dir='ltr'><strong>Qui</strong></span> <span class='ocrx_word' id='word_1_232' title='bbox 264 2433 356 2478; x_wconf 88' lang='lat' dir='ltr'><strong>tamen</strong></span> <span class='ocrx_word' id='word_1_233' title='bbox 369 2427 399 2474; x_wconf 85' lang='lat' dir='ltr'><strong>nt</strong></span> <span class='ocrx_word' id='word_1_234' title='bbox 409 2417 467 2472; x_wconf 85' lang='lat' dir='ltr'><strong>alia</strong></span> <span class='ocrx_word' id='word_1_235' title='bbox 479 2411 647 2470; x_wconf 84' lang='lat' dir='ltr'><strong>consuetudo</strong></span> <span class='ocrx_word' id='word_1_236' title='bbox 657 2409 800 2484; x_wconf 82' lang='lat' dir='ltr'><strong>prodatur.</strong></span> <span class='ocrx_word' id='word_1_237' title='bbox 813 2426 840 2463; x_wconf 91' lang='grc' dir='ltr'><strong>ιι.</strong></span> <span class='ocrx_word' id='word_1_238' title='bbox 854 2406 913 2464; x_wconf 76' lang='grc' dir='ltr'><em>ιιι.</em></span> <span class='ocrx_word' id='word_1_239' title='bbox 1070 2409 1135 2462; x_wconf 84' lang='grc' dir='ltr'><em>Νοιι</em></span> <span class='ocrx_word' id='word_1_240' title='bbox 1147 2406 1252 2480; x_wconf 71' lang='lat' dir='ltr'><strong>ssffeit</strong></span> <span class='ocrx_word' id='word_1_241' title='bbox 1265 2406 1364 2466; x_wconf 87' lang='lat' dir='ltr'><strong>mariti</strong></span> <span class='ocrx_word' id='word_1_242' title='bbox 1374 2409 1518 2482; x_wconf 74' lang='lat' dir='ltr'><strong>consessio.</strong></span> <span class='ocrx_word' id='word_1_243' title='bbox 1531 2426 1561 2464; x_wconf 94' lang='grc' dir='ltr'><strong>ιι.</strong></span> <span class='ocrx_word' id='word_1_244' title='bbox 1576 2419 1617 2463; x_wconf 88' lang='grc' dir='ltr'><strong>ιι.</strong></span> 
     </span>
     <span class='ocr_line' id='line_1_23' title="bbox 198 2491 1524 2574; baseline -0.012 -12"><span class='ocrx_word' id='word_1_245' title='bbox 198 2509 246 2562; x_wconf 84' lang='lat' dir='ltr'><strong>An</strong></span> <span class='ocrx_word' id='word_1_246' title='bbox 257 2505 341 2560; x_wconf 88' lang='lat' dir='ltr'><strong>etiarn</strong></span> <span class='ocrx_word' id='word_1_247' title='bbox 353 2503 389 2557; x_wconf 90' lang='lat' dir='ltr'><strong>sit</strong></span> <span class='ocrx_word' id='word_1_248' title='bbox 398 2500 568 2574; x_wconf 72' lang='lat' dir='ltr'><strong>plebeiorum</strong></span> <span class='ocrx_word' id='word_1_249' title='bbox 580 2493 746 2550; x_wconf 77' lang='lat' dir='ltr'><strong>mulierum?</strong></span> <span class='ocrx_word' id='word_1_250' title='bbox 757 2511 786 2548; x_wconf 90' lang='lat' dir='ltr'><strong>n.</strong></span> <span class='ocrx_word' id='word_1_251' title='bbox 802 2502 825 2546; x_wconf 90' lang='grc' dir='ltr'><strong>ι.</strong></span> <span class='ocrx_word' id='word_1_252' title='bbox 1071 2492 1250 2562; x_wconf 72' lang='lat' dir='ltr'><strong>Ampliaturq</strong></span> <span class='ocrx_word' id='word_1_253' title='bbox 1264 2494 1408 2548; x_wconf 89' lang='lat' dir='ltr'><strong>limitatur.</strong></span> <span class='ocrx_word' id='word_1_254' title='bbox 1423 2513 1451 2546; x_wconf 93' lang='lat' dir='ltr'><strong>n.</strong></span> <span class='ocrx_word' id='word_1_255' title='bbox 1463 2491 1524 2549; x_wconf 83' lang='lat' dir='ltr'><strong>eod.</strong></span> 
     </span>
     <span class='ocr_line' id='line_1_24' title="bbox 198 2576 1689 2649; baseline -0.01 -3"><span class='ocrx_word' id='word_1_256' title='bbox 198 2590 384 2646; x_wconf 82' lang='lat' dir='ltr'><strong>Constituitur</strong></span> <span class='ocrx_word' id='word_1_257' title='bbox 395 2586 437 2640; x_wconf 83' lang='lat' dir='ltr'><strong>rel</strong></span> <span class='ocrx_word' id='word_1_258' title='bbox 449 2594 516 2642; x_wconf 84' lang='lat' dir='ltr'><strong>ante</strong></span> <span class='ocrx_word' id='word_1_259' title='bbox 527 2581 751 2646; x_wconf 87' lang='lat' dir='ltr'><strong>matrimonium,</strong></span> <span class='ocrx_word' id='word_1_260' title='bbox 764 2579 810 2632; x_wconf 85' lang='lat' dir='ltr'><strong>oet</strong></span> <span class='ocrx_word' id='word_1_261' title='bbox 818 2595 851 2632; x_wconf 93' lang='lat' dir='ltr'><strong>eo</strong></span> <span class='ocrx_word' id='word_1_262' title='bbox 864 2586 1022 2645; x_wconf 75' lang='lat' dir='ltr'><strong>constante,</strong></span> <span class='ocrx_word' id='word_1_263' title='bbox 1069 2577 1124 2630; x_wconf 85' lang='lat' dir='ltr'><strong>Sed</strong></span> <span class='ocrx_word' id='word_1_264' title='bbox 1136 2577 1237 2649; x_wconf 88' lang='lat' dir='ltr'><strong>quidsi</strong></span> <span class='ocrx_word' id='word_1_265' title='bbox 1246 2595 1283 2632; x_wconf 77' lang='lat' dir='ltr'><strong>ee</strong></span> <span class='ocrx_word' id='word_1_266' title='bbox 1295 2576 1439 2634; x_wconf 80' lang='lat' dir='ltr'><strong>interuallo</strong></span> <span class='ocrx_word' id='word_1_267' title='bbox 1451 2577 1576 2634; x_wconf 78' lang='lat' dir='ltr'><strong>ascedat.</strong></span> <span class='ocrx_word' id='word_1_268' title='bbox 1587 2595 1615 2631; x_wconf 91' lang='grc' dir='ltr'><strong>ιι.</strong></span> <span class='ocrx_word' id='word_1_269' title='bbox 1626 2577 1689 2634; x_wconf 86' lang='lat' dir='ltr'><strong>ead.</strong></span> 
     </span>
     <span class='ocr_line' id='line_1_25' title="bbox 232 2660 1891 2738; baseline -0.001 -23"><span class='ocrx_word' id='word_1_270' title='bbox 232 2673 430 2738; x_wconf 62' lang='grc' dir='ltr'><em>ωιᾰὶηιηρω.</em></span> <span class='ocrx_word' id='word_1_271' title='bbox 442 2687 469 2722; x_wconf 75' lang='grc' dir='ltr'><strong>ιι,</strong></span> <span class='ocrx_word' id='word_1_272' title='bbox 485 2681 510 2722; x_wconf 83' lang='lat' dir='ltr'><strong>s.</strong></span> <span class='ocrx_word' id='word_1_273' title='bbox 1070 2663 1127 2716; x_wconf 81' lang='lat' dir='ltr'><strong>iles</strong></span> <span class='ocrx_word' id='word_1_274' title='bbox 1138 2661 1253 2734; x_wconf 79' lang='lat' dir='ltr'><strong>suffieit,</strong></span> <span class='ocrx_word' id='word_1_275' title='bbox 1267 2662 1294 2715; x_wconf 90' lang='lat' dir='ltr'><strong>si</strong></span> <span class='ocrx_word' id='word_1_276' title='bbox 1304 2665 1400 2716; x_wconf 90' lang='lat' dir='ltr'><strong>omnia</strong></span> <span class='ocrx_word' id='word_1_277' title='bbox 1415 2661 1488 2718; x_wconf 83' lang='lat' dir='ltr'><strong>bona</strong></span> <span class='ocrx_word' id='word_1_278' title='bbox 1504 2679 1534 2716; x_wconf 89' lang='lat' dir='ltr'><strong>se</strong></span> <span class='ocrx_word' id='word_1_279' title='bbox 1554 2661 1592 2714; x_wconf 89' lang='lat' dir='ltr'><strong>ad</strong></span> <span class='ocrx_word' id='word_1_280' title='bbox 1614 2661 1744 2714; x_wconf 89' lang='lat' dir='ltr'><strong>maritum</strong></span> <span class='ocrx_word' id='word_1_281' title='bbox 1773 2660 1891 2716; x_wconf 67' lang='lat' dir='ltr'><strong>anulare</strong></span> 
     </span>
     <span class='ocr_line' id='line_1_26' title="bbox 196 2743 1893 2822; baseline -0.009 -9"><span class='ocrx_word' id='word_1_282' title='bbox 196 2759 282 2813; x_wconf 73' lang='lat' dir='ltr'><strong>rtem</strong></span> <span class='ocrx_word' id='word_1_283' title='bbox 295 2745 725 2822; x_wconf 71' lang='lat' dir='ltr'><strong>emerseritingressustlualami,</strong></span> <span class='ocrx_word' id='word_1_284' title='bbox 741 2762 798 2802; x_wconf 82' lang='lat' dir='ltr'><strong>aon</strong></span> <span class='ocrx_word' id='word_1_285' title='bbox 813 2754 904 2800; x_wconf 88' lang='lat' dir='ltr'><strong>autam</strong></span> <span class='ocrx_word' id='word_1_286' title='bbox 922 2744 1023 2814; x_wconf 82' lang='lat' dir='ltr'><strong>copula</strong></span> <span class='ocrx_word' id='word_1_287' title='bbox 1102 2747 1211 2816; x_wconf 72' lang='lat' dir='ltr'><strong>probetq</strong></span> <span class='ocrx_word' id='word_1_288' title='bbox 1230 2763 1316 2818; x_wconf 82' lang='lat' dir='ltr'><strong>neque</strong></span> <span class='ocrx_word' id='word_1_289' title='bbox 1334 2749 1540 2802; x_wconf 77' lang='lat' dir='ltr'><strong>instrumentum</strong></span> <span class='ocrx_word' id='word_1_290' title='bbox 1569 2743 1609 2800; x_wconf 89' lang='lat' dir='ltr'><strong>ad</strong></span> <span class='ocrx_word' id='word_1_291' title='bbox 1630 2745 1702 2800; x_wconf 86' lang='lat' dir='ltr'><strong>alios</strong></span> <span class='ocrx_word' id='word_1_292' title='bbox 1720 2745 1893 2816; x_wconf 75' lang='lat' dir='ltr'><strong>aorssemum.</strong></span> 
     </span>
     <span class='ocr_line' id='line_1_27' title="bbox 231 2841 1200 2896; baseline -0.015 0"><span class='ocrx_word' id='word_1_293' title='bbox 231 2842 357 2896; x_wconf 85' lang='lat' dir='ltr'><strong>earnalis.</strong></span> <span class='ocrx_word' id='word_1_294' title='bbox 368 2857 395 2892; x_wconf 91' lang='lat' dir='ltr'><strong>n.</strong></span> <span class='ocrx_word' id='word_1_295' title='bbox 412 2851 436 2891; x_wconf 88' lang='grc' dir='ltr'><strong>ι.</strong></span> <span class='ocrx_word' id='word_1_296' title='bbox 1106 2847 1134 2882; x_wconf 91' lang='grc' dir='ltr'><strong>ιι.</strong></span> <span class='ocrx_word' id='word_1_297' title='bbox 1156 2841 1200 2882; x_wconf 86' lang='grc' dir='ltr'><strong>ιι.</strong></span> 
     </span>
     <span class='ocr_line' id='line_1_28' title="bbox 189 2908 1763 2998; baseline -0.006 -18"><span class='ocrx_word' id='word_1_298' title='bbox 189 2925 305 2998; x_wconf 74' lang='lat' dir='ltr'><strong>Siasfieir</strong></span> <span class='ocrx_word' id='word_1_299' title='bbox 315 2923 395 2978; x_wconf 85' lang='lat' dir='ltr'><strong>etiam</strong></span> <span class='ocrx_word' id='word_1_300' title='bbox 411 2919 541 2993; x_wconf 69' lang='lat' dir='ltr'><strong>ingressio</strong></span> <span class='ocrx_word' id='word_1_301' title='bbox 553 2914 721 2987; x_wconf 85' lang='lat' dir='ltr'><strong>tlalamiper</strong></span> <span class='ocrx_word' id='word_1_302' title='bbox 731 2908 1023 2983; x_wconf 70' lang='lat' dir='ltr'><strong>prorwmmmpot&#39;n·</strong></span> <span class='ocrx_word' id='word_1_303' title='bbox 1070 2915 1261 2987; x_wconf 83' lang='lat' dir='ltr'><strong>Itequiruntur</strong></span> <span class='ocrx_word' id='word_1_304' title='bbox 1274 2934 1337 2994; x_wconf 73' lang='lat' dir='ltr'><strong>erqo</strong></span> <span class='ocrx_word' id='word_1_305' title='bbox 1350 2919 1567 2986; x_wconf 77' lang='lat' dir='ltr'><strong>instrumentum,</strong></span> <span class='ocrx_word' id='word_1_306' title='bbox 1582 2926 1665 2973; x_wconf 87' lang='lat' dir='ltr'><strong>testes.</strong></span> <span class='ocrx_word' id='word_1_307' title='bbox 1679 2934 1706 2971; x_wconf 94' lang='grc' dir='ltr'><strong>ιι.</strong></span> <span class='ocrx_word' id='word_1_308' title='bbox 1721 2928 1763 2972; x_wconf 86' lang='grc' dir='ltr'><strong>ιι.</strong></span> 
     </span>
     <span class='ocr_line' id='line_1_29' title="bbox 237 2999 1478 3075; baseline -0.006 -14"><span class='ocrx_word' id='word_1_309' title='bbox 237 3005 310 3075; x_wconf 80' lang='lat' dir='ltr'><strong>cipis.</strong></span> <span class='ocrx_word' id='word_1_310' title='bbox 322 3023 350 3058; x_wconf 91' lang='lat' dir='ltr'><strong>n.</strong></span> <span class='ocrx_word' id='word_1_311' title='bbox 365 3015 390 3057; x_wconf 89' lang='lat' dir='ltr'><strong>t.</strong></span> <span class='ocrx_word' id='word_1_312' title='bbox 1077 2999 1191 3071; x_wconf 81' lang='lat' dir='ltr'><strong>Tempus</strong></span> <span class='ocrx_word' id='word_1_313' title='bbox 1195 3000 1378 3072; x_wconf 80' lang='lat' dir='ltr'><strong>probationis:</strong></span> <span class='ocrx_word' id='word_1_314' title='bbox 1393 3019 1420 3054; x_wconf 92' lang='grc' dir='ltr'><strong>ιι.</strong></span> <span class='ocrx_word' id='word_1_315' title='bbox 1436 3009 1478 3054; x_wconf 89' lang='grc' dir='ltr'><strong>ιι.</strong></span> 
     </span>
     <span class='ocr_line' id='line_1_30' title="bbox 195 3081 1892 3160; baseline -0.004 -18"><span class='ocrx_word' id='word_1_316' title='bbox 195 3090 352 3148; x_wconf 71' lang='grc' dir='ltr'><em>ϋιιιίιιιιιιι.</em></span> <span class='ocrx_word' id='word_1_317' title='bbox 366 3106 394 3140; x_wconf 95' lang='grc' dir='ltr'><strong>ιι.</strong></span> <span class='ocrx_word' id='word_1_318' title='bbox 411 3098 435 3140; x_wconf 88' lang='grc' dir='ltr'><strong>ι.</strong></span> <span class='ocrx_word' id='word_1_319' title='bbox 627 3148 630 3154; x_wconf 22' lang='lat'><strong>¹</strong></span> <span class='ocrx_word' id='word_1_320' title='bbox 1009 3101 1020 3117; x_wconf 54' lang='grc' dir='ltr'><em>ν</em></span> <span class='ocrx_word' id='word_1_321' title='bbox 1065 3081 1100 3136; x_wconf 76' lang='lat' dir='ltr'><strong>m·</strong></span> <span class='ocrx_word' id='word_1_322' title='bbox 1111 3101 1166 3135; x_wconf 87' lang='lat' dir='ltr'><strong>nen</strong></span> <span class='ocrx_word' id='word_1_323' title='bbox 1178 3083 1289 3138; x_wconf 79' lang='lat' dir='ltr'><strong>soluerit</strong></span> <span class='ocrx_word' id='word_1_324' title='bbox 1301 3082 1391 3135; x_wconf 87' lang='lat' dir='ltr'><strong>dotem</strong></span> <span class='ocrx_word' id='word_1_325' title='bbox 1401 3083 1575 3154; x_wconf 82' lang='lat' dir='ltr'><strong>promissam,</strong></span> <span class='ocrx_word' id='word_1_326' title='bbox 1592 3085 1674 3140; x_wconf 85' lang='lat' dir='ltr'><strong>datur</strong></span> <span class='ocrx_word' id='word_1_327' title='bbox 1688 3086 1715 3142; x_wconf 88' lang='lat' dir='ltr'><strong>ei</strong></span> <span class='ocrx_word' id='word_1_328' title='bbox 1732 3082 1892 3160; x_wconf 73' lang='lat' dir='ltr'><strong>beneficium</strong></span> 
     </span>
     <span class='ocr_line' id='line_1_31' title="bbox 197 3162 1578 3245; baseline 0.001 -19"><span class='ocrx_word' id='word_1_329' title='bbox 197 3177 334 3245; x_wconf 69' lang='lat' dir='ltr'><strong>Quatenus</strong></span> <span class='ocrx_word' id='word_1_330' title='bbox 334 3169 485 3242; x_wconf 82' lang='lat' dir='ltr'><strong>foeminae</strong></span> <span class='ocrx_word' id='word_1_331' title='bbox 494 3165 650 3238; x_wconf 87' lang='lat' dir='ltr'><strong>praesentia</strong></span> <span class='ocrx_word' id='word_1_332' title='bbox 661 3162 746 3235; x_wconf 80' lang='lat' dir='ltr'><strong>opus?</strong></span> <span class='ocrx_word' id='word_1_333' title='bbox 758 3181 785 3218; x_wconf 83' lang='lat' dir='ltr'><strong>m</strong></span> <span class='ocrx_word' id='word_1_334' title='bbox 799 3175 825 3220; x_wconf 86' lang='grc' dir='ltr'><strong>ι.</strong></span> <span class='ocrx_word' id='word_1_335' title='bbox 1107 3169 1257 3224; x_wconf 80' lang='lat' dir='ltr'><strong>oblationis</strong></span> <span class='ocrx_word' id='word_1_336' title='bbox 1264 3179 1327 3239; x_wconf 84' lang='lat' dir='ltr'><strong>post</strong></span> <span class='ocrx_word' id='word_1_337' title='bbox 1339 3179 1455 3223; x_wconf 87' lang='lat' dir='ltr'><strong>mortem</strong></span> <span class='ocrx_word' id='word_1_338' title='bbox 1468 3170 1565 3227; x_wconf 81' lang='lat' dir='ltr'><strong>mariti</strong></span> <span class='ocrx_word' id='word_1_339' title='bbox 1568 3191 1578 3238; x_wconf 69' lang='grc' dir='ltr'><strong>ι</strong></span> 
     </span>
     <span class='ocr_line' id='line_1_32' title="bbox 195 3249 1471 3327; baseline -0.004 -14"><span class='ocrx_word' id='word_1_340' title='bbox 195 3261 243 3313; x_wconf 80' lang='lat' dir='ltr'><strong>An</strong></span> <span class='ocrx_word' id='word_1_341' title='bbox 257 3256 389 3312; x_wconf 82' lang='lat' dir='ltr'><strong>curatoris</strong></span> <span class='ocrx_word' id='word_1_342' title='bbox 407 3273 513 3327; x_wconf 91' lang='lat' dir='ltr'><strong>quoque</strong></span> <span class='ocrx_word' id='word_1_343' title='bbox 526 3253 688 3308; x_wconf 78' lang='lat' dir='ltr'><strong>auctoritate</strong></span> <span class='ocrx_word' id='word_1_344' title='bbox 701 3249 904 3323; x_wconf 65' lang='lat' dir='ltr'><strong>apartments</strong></span> <span class='ocrx_word' id='word_1_345' title='bbox 1140 3253 1315 3323; x_wconf 85' lang='lat' dir='ltr'><strong>requiruntur</strong></span> <span class='ocrx_word' id='word_1_346' title='bbox 1326 3264 1428 3318; x_wconf 82' lang='lat' dir='ltr'><strong>tamen.</strong></span> <span class='ocrx_word' id='word_1_347' title='bbox 1440 3265 1471 3308; x_wconf 87' lang='lat' dir='ltr'><strong>ut</strong></span> 
     </span>
     <span class='ocr_line' id='line_1_33' title="bbox 195 3335 1492 3408; baseline -0.003 -14"><span class='ocrx_word' id='word_1_348' title='bbox 195 3344 245 3394; x_wconf 84' lang='lat' dir='ltr'><strong>An</strong></span> <span class='ocrx_word' id='word_1_349' title='bbox 256 3355 390 3396; x_wconf 79' lang='lat' dir='ltr'><strong>consensu</strong></span> <span class='ocrx_word' id='word_1_350' title='bbox 403 3337 511 3392; x_wconf 87' lang='lat' dir='ltr'><strong>domini</strong></span> <span class='ocrx_word' id='word_1_351' title='bbox 511 3338 599 3408; x_wconf 78' lang='lat' dir='ltr'><strong>feudi</strong></span> <span class='ocrx_word' id='word_1_352' title='bbox 609 3336 696 3408; x_wconf 77' lang='lat' dir='ltr'><strong>opus?</strong></span> <span class='ocrx_word' id='word_1_353' title='bbox 707 3337 755 3392; x_wconf 75' lang='lat' dir='ltr'><strong>uta·</strong></span> <span class='ocrx_word' id='word_1_354' title='bbox 763 3336 867 3408; x_wconf 73' lang='lat' dir='ltr'><strong>dejure</strong></span> <span class='ocrx_word' id='word_1_355' title='bbox 879 3335 1022 3392; x_wconf 77' lang='lat' dir='ltr'><strong>communi</strong></span> <span class='ocrx_word' id='word_1_356' title='bbox 1109 3347 1132 3390; x_wconf 91' lang='grc' dir='ltr'><strong>ι.</strong></span> <span class='ocrx_word' id='word_1_357' title='bbox 1145 3335 1194 3390; x_wconf 90' lang='lat' dir='ltr'><strong>dos</strong></span> <span class='ocrx_word' id='word_1_358' title='bbox 1205 3336 1241 3390; x_wconf 86' lang='lat' dir='ltr'><strong>ss&#39;t</strong></span> <span class='ocrx_word' id='word_1_359' title='bbox 1248 3337 1391 3408; x_wconf 88' lang='lat' dir='ltr'><strong>promissa.</strong></span> <span class='ocrx_word' id='word_1_360' title='bbox 1405 3357 1433 3392; x_wconf 94' lang='grc' dir='ltr'><strong>ιι.</strong></span> <span class='ocrx_word' id='word_1_361' title='bbox 1448 3347 1492 3392; x_wconf 89' lang='grc' dir='ltr'><strong>ιι.</strong></span> 
     </span>
     <span class='ocr_line' id='line_1_34' title="bbox 229 3419 1654 3495; baseline 0.001 -17"><span class='ocrx_word' id='word_1_362' title='bbox 229 3431 255 3478; x_wconf 82' lang='lat' dir='ltr'><strong>et</strong></span> <span class='ocrx_word' id='word_1_363' title='bbox 262 3423 326 3494; x_wconf 77' lang='lat' dir='ltr'><strong>J&#39;ure</strong></span> <span class='ocrx_word' id='word_1_364' title='bbox 339 3421 577 3482; x_wconf 73' lang='lat' dir='ltr'><strong>oeterisaaeoniao.</strong></span> <span class='ocrx_word' id='word_1_365' title='bbox 590 3439 618 3474; x_wconf 92' lang='grc' dir='ltr'><strong>ιι.</strong></span> <span class='ocrx_word' id='word_1_366' title='bbox 635 3433 680 3474; x_wconf 87' lang='lat' dir='ltr'><strong>to.</strong></span> <span class='ocrx_word' id='word_1_367' title='bbox 1072 3419 1146 3490; x_wconf 82' lang='lat' dir='ltr'><strong>Quid</strong></span> <span class='ocrx_word' id='word_1_368' title='bbox 1155 3419 1180 3472; x_wconf 91' lang='lat' dir='ltr'><strong>si</strong></span> <span class='ocrx_word' id='word_1_369' title='bbox 1192 3421 1241 3474; x_wconf 87' lang='lat' dir='ltr'><strong>dos</strong></span> <span class='ocrx_word' id='word_1_370' title='bbox 1248 3423 1386 3490; x_wconf 83' lang='lat' dir='ltr'><strong>promissa</strong></span> <span class='ocrx_word' id='word_1_371' title='bbox 1398 3421 1559 3495; x_wconf 79' lang='lat' dir='ltr'><strong>indefinita?</strong></span> <span class='ocrx_word' id='word_1_372' title='bbox 1571 3443 1600 3478; x_wconf 93' lang='grc' dir='ltr'><strong>ιι.</strong></span> <span class='ocrx_word' id='word_1_373' title='bbox 1614 3435 1654 3480; x_wconf 89' lang='grc' dir='ltr'><strong>ιι.</strong></span> 
     </span>
     <span class='ocr_line' id='line_1_35' title="bbox 193 3503 1801 3580; baseline 0.001 -20"><span class='ocrx_word' id='word_1_374' title='bbox 193 3505 315 3578; x_wconf 80' lang='lat' dir='ltr'><strong>Anjure</strong></span> <span class='ocrx_word' id='word_1_375' title='bbox 327 3507 459 3562; x_wconf 78' lang='lat' dir='ltr'><strong>hodierno</strong></span> <span class='ocrx_word' id='word_1_376' title='bbox 471 3503 631 3559; x_wconf 73' lang='lat' dir='ltr'><strong>sueoniae?</strong></span> <span class='ocrx_word' id='word_1_377' title='bbox 644 3522 672 3556; x_wconf 90' lang='grc' dir='ltr'><strong>ιι.</strong></span> <span class='ocrx_word' id='word_1_378' title='bbox 688 3514 729 3558; x_wconf 92' lang='grc' dir='ltr'><strong>ιι.</strong></span> <span class='ocrx_word' id='word_1_379' title='bbox 1072 3503 1146 3573; x_wconf 81' lang='lat' dir='ltr'><strong>Quid</strong></span> <span class='ocrx_word' id='word_1_380' title='bbox 1154 3503 1180 3557; x_wconf 80' lang='lat' dir='ltr'><strong>si</strong></span> <span class='ocrx_word' id='word_1_381' title='bbox 1191 3524 1209 3559; x_wconf 92' lang='lat' dir='ltr'><strong>a</strong></span> <span class='ocrx_word' id='word_1_382' title='bbox 1219 3503 1351 3574; x_wconf 86' lang='lat' dir='ltr'><strong>foemina</strong></span> <span class='ocrx_word' id='word_1_383' title='bbox 1365 3515 1437 3561; x_wconf 91' lang='lat' dir='ltr'><strong>metu</strong></span> <span class='ocrx_word' id='word_1_384' title='bbox 1449 3518 1545 3561; x_wconf 85' lang='lat' dir='ltr'><strong>aoaeta</strong></span> <span class='ocrx_word' id='word_1_385' title='bbox 1555 3509 1703 3580; x_wconf 74' lang='lat' dir='ltr'><strong>promissa?</strong></span> <span class='ocrx_word' id='word_1_386' title='bbox 1714 3527 1743 3564; x_wconf 92' lang='grc' dir='ltr'><strong>ιι.</strong></span> <span class='ocrx_word' id='word_1_387' title='bbox 1758 3519 1801 3564; x_wconf 88' lang='grc' dir='ltr'><strong>ιι.</strong></span> 
     </span>
     <span class='ocr_line' id='line_1_36' title="bbox 201 3585 1615 3662; baseline 0.001 -20"><span class='ocrx_word' id='word_1_388' title='bbox 201 3592 248 3642; x_wconf 82' lang='lat' dir='ltr'><strong>Au</strong></span> <span class='ocrx_word' id='word_1_389' title='bbox 260 3599 419 3661; x_wconf 71' lang='lat' dir='ltr'><strong>agnatorum</strong></span> <span class='ocrx_word' id='word_1_390' title='bbox 429 3625 440 3656; x_wconf 79' lang='lat'><strong>,</strong></span> <span class='ocrx_word' id='word_1_391' title='bbox 449 3587 498 3643; x_wconf 81' lang='lat' dir='ltr'><strong>uti</strong></span> <span class='ocrx_word' id='word_1_392' title='bbox 507 3589 610 3662; x_wconf 78' lang='lat' dir='ltr'><strong>dejure</strong></span> <span class='ocrx_word' id='word_1_393' title='bbox 621 3587 970 3661; x_wconf 74' lang='lat' dir='ltr'><strong>eumerae,jureraaeonieo</strong></span> <span class='ocrx_word' id='word_1_394' title='bbox 978 3607 1021 3652; x_wconf 67' lang='lat' dir='ltr'><strong>aa·</strong></span> <span class='ocrx_word' id='word_1_395' title='bbox 1107 3585 1152 3659; x_wconf 87' lang='grc' dir='ltr'><strong>ι.)</strong></span> <span class='ocrx_word' id='word_1_396' title='bbox 1151 3585 1214 3657; x_wconf 77' lang='lat' dir='ltr'><strong>fiat</strong></span> <span class='ocrx_word' id='word_1_397' title='bbox 1224 3587 1326 3644; x_wconf 80' lang='lat' dir='ltr'><strong>oblatio</strong></span> <span class='ocrx_word' id='word_1_398' title='bbox 1339 3605 1399 3644; x_wconf 87' lang='lat' dir='ltr'><strong>eum</strong></span> <span class='ocrx_word' id='word_1_399' title='bbox 1412 3594 1517 3646; x_wconf 69' lang='lat' dir='ltr'><strong>usurus·</strong></span> <span class='ocrx_word' id='word_1_400' title='bbox 1527 3610 1557 3645; x_wconf 91' lang='grc' dir='ltr'><strong>ιι.</strong></span> <span class='ocrx_word' id='word_1_401' title='bbox 1573 3601 1615 3646; x_wconf 88' lang='grc' dir='ltr'><strong>ιι.</strong></span> 
     </span>
     <span class='ocr_line' id='line_1_37' title="bbox 229 3672 1677 3744; baseline 0.003 -18"><span class='ocrx_word' id='word_1_402' title='bbox 229 3674 342 3728; x_wconf 75' lang='lat' dir='ltr'><strong>teriia.</strong></span> <span class='ocrx_word' id='word_1_403' title='bbox 357 3685 399 3728; x_wconf 89' lang='grc' dir='ltr'><strong>ιι.</strong></span> <span class='ocrx_word' id='word_1_404' title='bbox 807 3703 811 3712; x_wconf 90' lang='grc'><strong>-</strong></span> <span class='ocrx_word' id='word_1_405' title='bbox 1107 3673 1153 3744; x_wconf 89' lang='grc' dir='ltr'><strong>ι.)</strong></span> <span class='ocrx_word' id='word_1_406' title='bbox 1167 3672 1620 3744; x_wconf 68' lang='lat' dir='ltr'><strong>offerrideleatunioersadosm.</strong></span> <span class='ocrx_word' id='word_1_407' title='bbox 1634 3689 1677 3735; x_wconf 83' lang='lat' dir='ltr'><strong>tt.</strong></span> 
     </span>
     <span class='ocr_line' id='line_1_38' title="bbox 195 3758 1819 3828; baseline 0.001 -16"><span class='ocrx_word' id='word_1_408' title='bbox 195 3758 363 3813; x_wconf 64' lang='lat' dir='ltr'><strong>decentiori.</strong></span> <span class='ocrx_word' id='word_1_409' title='bbox 377 3776 406 3810; x_wconf 91' lang='grc' dir='ltr'><strong>ιι.</strong></span> <span class='ocrx_word' id='word_1_410' title='bbox 420 3767 461 3812; x_wconf 87' lang='grc' dir='ltr'><strong>ιι.</strong></span> <span class='ocrx_word' id='word_1_411' title='bbox 1107 3758 1150 3827; x_wconf 81' lang='lat' dir='ltr'><strong>t.)</strong></span> <span class='ocrx_word' id='word_1_412' title='bbox 1162 3775 1197 3812; x_wconf 89' lang='lat' dir='ltr'><strong>ne</strong></span> <span class='ocrx_word' id='word_1_413' title='bbox 1207 3769 1314 3813; x_wconf 88' lang='lat' dir='ltr'><strong>mortuo</strong></span> <span class='ocrx_word' id='word_1_414' title='bbox 1328 3761 1426 3815; x_wconf 86' lang='lat' dir='ltr'><strong>marito</strong></span> <span class='ocrx_word' id='word_1_415' title='bbox 1437 3767 1554 3828; x_wconf 71' lang='lat' dir='ltr'><strong>emergat</strong></span> <span class='ocrx_word' id='word_1_416' title='bbox 1565 3775 1721 3816; x_wconf 75' lang='lat' dir='ltr'><strong>concursus.</strong></span> <span class='ocrx_word' id='word_1_417' title='bbox 1738 3777 1765 3812; x_wconf 92' lang='lat' dir='ltr'><strong>n.</strong></span> <span class='ocrx_word' id='word_1_418' title='bbox 1779 3771 1819 3814; x_wconf 83' lang='grc' dir='ltr'><strong>ιι.</strong></span> 
     </span>
     <span class='ocr_line' id='line_1_39' title="bbox 194 3838 1890 3914; baseline 0.002 -20"><span class='ocrx_word' id='word_1_419' title='bbox 194 3840 316 3895; x_wconf 81' lang='lat' dir='ltr'><strong>limitat.</strong></span> <span class='ocrx_word' id='word_1_420' title='bbox 334 3841 407 3913; x_wconf 85' lang='lat' dir='ltr'><strong>t)n.</strong></span> <span class='ocrx_word' id='word_1_421' title='bbox 419 3841 481 3896; x_wconf 76' lang='lat' dir='ltr'><strong>eod·</strong></span> <span class='ocrx_word' id='word_1_422' title='bbox 1075 3843 1125 3910; x_wconf 84' lang='lat' dir='ltr'><strong>Qu.</strong></span> <span class='ocrx_word' id='word_1_423' title='bbox 1147 3861 1187 3897; x_wconf 90' lang='lat' dir='ltr'><strong>an</strong></span> <span class='ocrx_word' id='word_1_424' title='bbox 1203 3838 1357 3897; x_wconf 78' lang='lat' dir='ltr'><strong>dotalitium</strong></span> <span class='ocrx_word' id='word_1_425' title='bbox 1374 3841 1459 3914; x_wconf 90' lang='lat' dir='ltr'><strong>primi</strong></span> <span class='ocrx_word' id='word_1_426' title='bbox 1475 3843 1648 3897; x_wconf 89' lang='lat' dir='ltr'><strong>matrimonii</strong></span> <span class='ocrx_word' id='word_1_427' title='bbox 1662 3845 1781 3900; x_wconf 80' lang='lat' dir='ltr'><strong>retundo</strong></span> <span class='ocrx_word' id='word_1_428' title='bbox 1806 3843 1890 3898; x_wconf 89' lang='lat' dir='ltr'><strong>mari·</strong></span> 
     </span>
     <span class='ocr_line' id='line_1_40' title="bbox 194 3924 1892 3996; baseline 0.001 -18"><span class='ocrx_word' id='word_1_429' title='bbox 194 3924 317 3979; x_wconf 71' lang='lat' dir='ltr'><strong>bundas.</strong></span> <span class='ocrx_word' id='word_1_430' title='bbox 333 3926 409 3996; x_wconf 86' lang='lat' dir='ltr'><strong>s)n.</strong></span> <span class='ocrx_word' id='word_1_431' title='bbox 426 3934 467 3978; x_wconf 89' lang='grc' dir='ltr'><strong>ιι.</strong></span> <span class='ocrx_word' id='word_1_432' title='bbox 1105 3938 1134 3981; x_wconf 90' lang='lat' dir='ltr'><strong>to</strong></span> <span class='ocrx_word' id='word_1_433' title='bbox 1159 3928 1190 3980; x_wconf 91' lang='grc' dir='ltr'><strong>ιἰι</strong></span> <span class='ocrx_word' id='word_1_434' title='bbox 1215 3925 1304 3982; x_wconf 86' lang='lat' dir='ltr'><strong>dotem</strong></span> <span class='ocrx_word' id='word_1_435' title='bbox 1321 3927 1437 3983; x_wconf 87' lang='lat' dir='ltr'><strong>aliatum</strong></span> <span class='ocrx_word' id='word_1_436' title='bbox 1455 3937 1593 3985; x_wconf 80' lang='lat' dir='ltr'><strong>mereatur</strong></span> <span class='ocrx_word' id='word_1_437' title='bbox 1608 3928 1684 3985; x_wconf 74' lang='lat' dir='ltr'><strong>atur</strong></span> <span class='ocrx_word' id='word_1_438' title='bbox 1708 3926 1892 3985; x_wconf 79' lang='lat' dir='ltr'><strong>dotalitium?</strong></span> 
     </span>
     <span class='ocr_line' id='line_1_41' title="bbox 194 4006 1197 4080; baseline -0.001 -16"><span class='ocrx_word' id='word_1_439' title='bbox 194 4007 354 4079; x_wconf 79' lang='lat' dir='ltr'><strong>Anfratris</strong></span> <span class='ocrx_word' id='word_1_440' title='bbox 363 4007 395 4062; x_wconf 88' lang='lat' dir='ltr'><strong>in</strong></span> <span class='ocrx_word' id='word_1_441' title='bbox 406 4006 598 4064; x_wconf 82' lang='lat' dir='ltr'><strong>communione</strong></span> <span class='ocrx_word' id='word_1_442' title='bbox 610 4007 752 4064; x_wconf 69' lang='lat' dir='ltr'><strong>emunata</strong></span> <span class='ocrx_word' id='word_1_443' title='bbox 762 4023 911 4064; x_wconf 75' lang='lat' dir='ltr'><strong>comestus</strong></span> <span class='ocrx_word' id='word_1_444' title='bbox 931 4007 1021 4080; x_wconf 85' lang='lat' dir='ltr'><strong>requi·</strong></span> <span class='ocrx_word' id='word_1_445' title='bbox 1106 4028 1133 4063; x_wconf 92' lang='grc' dir='ltr'><strong>ιι.</strong></span> <span class='ocrx_word' id='word_1_446' title='bbox 1155 4020 1197 4063; x_wconf 89' lang='grc' dir='ltr'><strong>ιι.</strong></span> 
     </span>
     <span class='ocr_line' id='line_1_42' title="bbox 232 4092 1330 4164; baseline 0.002 -20"><span class='ocrx_word' id='word_1_447' title='bbox 232 4093 331 4148; x_wconf 81' lang='lat' dir='ltr'><strong>ratur?</strong></span> <span class='ocrx_word' id='word_1_448' title='bbox 342 4109 370 4144; x_wconf 90' lang='grc' dir='ltr'><strong>ιι.</strong></span> <span class='ocrx_word' id='word_1_449' title='bbox 385 4102 426 4146; x_wconf 88' lang='grc' dir='ltr'><strong>ιι.</strong></span> <span class='ocrx_word' id='word_1_450' title='bbox 1069 4092 1231 4164; x_wconf 86' lang='lat' dir='ltr'><strong>Ampliatar.</strong></span> <span class='ocrx_word' id='word_1_451' title='bbox 1244 4111 1274 4148; x_wconf 90' lang='grc' dir='ltr'><strong>ιι.</strong></span> <span class='ocrx_word' id='word_1_452' title='bbox 1287 4103 1330 4147; x_wconf 90' lang='grc' dir='ltr'><strong>ιι.</strong></span> 
     </span>
     <span class='ocr_line' id='line_1_43' title="bbox 194 4175 1322 4250; baseline 0 -20"><span class='ocrx_word' id='word_1_453' title='bbox 194 4175 226 4230; x_wconf 81' lang='lat' dir='ltr'><strong>Si</strong></span> <span class='ocrx_word' id='word_1_454' title='bbox 234 4178 353 4246; x_wconf 74' lang='lat' dir='ltr'><strong>pupilium</strong></span> <span class='ocrx_word' id='word_1_455' title='bbox 366 4180 439 4232; x_wconf 77' lang='grc' dir='ltr'><em>ιἰιιιι</em></span> <span class='ocrx_word' id='word_1_456' title='bbox 449 4187 568 4247; x_wconf 75' lang='lat' dir='ltr'><strong>aqnasm</strong></span> <span class='ocrx_word' id='word_1_457' title='bbox 579 4179 632 4244; x_wconf 86' lang='lat' dir='ltr'><strong>sit,</strong></span> <span class='ocrx_word' id='word_1_458' title='bbox 643 4187 778 4250; x_wconf 88' lang='lat' dir='ltr'><strong>quatenus</strong></span> <span class='ocrx_word' id='word_1_459' title='bbox 789 4177 885 4238; x_wconf 74' lang='lat' dir='ltr'><strong>suoru</strong></span> <span class='ocrx_word' id='word_1_460' title='bbox 901 4179 1020 4234; x_wconf 83' lang='lat' dir='ltr'><strong>auetori-</strong></span> <span class='ocrx_word' id='word_1_461' title='bbox 1068 4177 1223 4232; x_wconf 74' lang='lat' dir='ltr'><strong>limitatur.</strong></span> <span class='ocrx_word' id='word_1_462' title='bbox 1236 4195 1264 4230; x_wconf 91' lang='grc' dir='ltr'><strong>ιι.</strong></span> <span class='ocrx_word' id='word_1_463' title='bbox 1279 4185 1322 4230; x_wconf 85' lang='grc' dir='ltr'><strong>ιο.</strong></span> 
     </span>
     <span class='ocr_line' id='line_1_44' title="bbox 230 4258 1848 4335; baseline -0.001 -21"><span class='ocrx_word' id='word_1_464' title='bbox 230 4269 271 4314; x_wconf 88' lang='lat' dir='ltr'><strong>tas</strong></span> <span class='ocrx_word' id='word_1_465' title='bbox 284 4261 309 4314; x_wconf 90' lang='lat' dir='ltr'><strong>ei</strong></span> <span class='ocrx_word' id='word_1_466' title='bbox 317 4260 511 4335; x_wconf 75' lang='lat' dir='ltr'><strong>praejudicas?</strong></span> <span class='ocrx_word' id='word_1_467' title='bbox 522 4279 549 4314; x_wconf 93' lang='lat' dir='ltr'><strong>n.</strong></span> <span class='ocrx_word' id='word_1_468' title='bbox 567 4271 607 4316; x_wconf 88' lang='grc' dir='ltr'><strong>ιι.</strong></span> <span class='ocrx_word' id='word_1_469' title='bbox 1071 4265 1131 4330; x_wconf 81' lang='lat' dir='ltr'><strong>Quo</strong></span> <span class='ocrx_word' id='word_1_470' title='bbox 1142 4262 1220 4316; x_wconf 88' lang='lat' dir='ltr'><strong>titulo</strong></span> <span class='ocrx_word' id='word_1_471' title='bbox 1225 4261 1339 4332; x_wconf 77' lang='lat' dir='ltr'><strong>fluetus</strong></span> <span class='ocrx_word' id='word_1_472' title='bbox 1347 4259 1468 4316; x_wconf 85' lang='lat' dir='ltr'><strong>dotalitii</strong></span> <span class='ocrx_word' id='word_1_473' title='bbox 1476 4258 1608 4334; x_wconf 82' lang='lat' dir='ltr'><strong>pereipiat</strong></span> <span class='ocrx_word' id='word_1_474' title='bbox 1621 4259 1749 4314; x_wconf 77' lang='lat' dir='ltr'><strong>maritus?</strong></span> <span class='ocrx_word' id='word_1_475' title='bbox 1762 4277 1792 4314; x_wconf 87' lang='lat' dir='ltr'><strong>n.</strong></span> <span class='ocrx_word' id='word_1_476' title='bbox 1805 4267 1848 4312; x_wconf 88' lang='grc' dir='ltr'><strong>ιι.</strong></span> 
     </span>
     <span class='ocr_line' id='line_1_45' title="bbox 196 4345 1574 4417; baseline -0.004 -13"><span class='ocrx_word' id='word_1_477' title='bbox 196 4351 246 4404; x_wconf 82' lang='lat' dir='ltr'><strong>Ars</strong></span> <span class='ocrx_word' id='word_1_478' title='bbox 256 4358 371 4404; x_wconf 80' lang='lat' dir='ltr'><strong>curator</strong></span> <span class='ocrx_word' id='word_1_479' title='bbox 382 4355 409 4400; x_wconf 90' lang='lat' dir='ltr'><strong>et</strong></span> <span class='ocrx_word' id='word_1_480' title='bbox 421 4346 556 4400; x_wconf 76' lang='lat' dir='ltr'><strong>deessem</strong></span> <span class='ocrx_word' id='word_1_481' title='bbox 569 4346 773 4402; x_wconf 74' lang='lat' dir='ltr'><strong>neeessariam?</strong></span> <span class='ocrx_word' id='word_1_482' title='bbox 784 4365 810 4400; x_wconf 92' lang='grc' dir='ltr'><strong>ιι.</strong></span> <span class='ocrx_word' id='word_1_483' title='bbox 826 4359 866 4402; x_wconf 83' lang='lat' dir='ltr'><strong>st.</strong></span> <span class='ocrx_word' id='word_1_484' title='bbox 1067 4349 1124 4404; x_wconf 87' lang='lat'><strong>111.</strong></span> <span class='ocrx_word' id='word_1_485' title='bbox 1143 4345 1312 4417; x_wconf 71' lang='lat' dir='ltr'><strong>acquisitum</strong></span> <span class='ocrx_word' id='word_1_486' title='bbox 1324 4354 1365 4400; x_wconf 89' lang='lat' dir='ltr'><strong>est</strong></span> <span class='ocrx_word' id='word_1_487' title='bbox 1376 4345 1478 4400; x_wconf 78' lang='lat' dir='ltr'><strong>versia·</strong></span> <span class='ocrx_word' id='word_1_488' title='bbox 1490 4364 1518 4400; x_wconf 95' lang='grc' dir='ltr'><strong>ιι.</strong></span> <span class='ocrx_word' id='word_1_489' title='bbox 1531 4355 1574 4398; x_wconf 90' lang='grc' dir='ltr'><strong>ιι.</strong></span> 
     </span>
     <span class='ocr_line' id='line_1_46' title="bbox 194 4428 1890 4506; baseline -0.004 -17"><span class='ocrx_word' id='word_1_490' title='bbox 194 4437 243 4490; x_wconf 75' lang='lat' dir='ltr'><strong>An</strong></span> <span class='ocrx_word' id='word_1_491' title='bbox 253 4433 340 4504; x_wconf 86' lang='lat' dir='ltr'><strong>patris</strong></span> <span class='ocrx_word' id='word_1_492' title='bbox 349 4449 482 4486; x_wconf 80' lang='lat' dir='ltr'><strong>consensu</strong></span> <span class='ocrx_word' id='word_1_493' title='bbox 493 4446 569 4501; x_wconf 85' lang='lat' dir='ltr'><strong>opus,</strong></span> <span class='ocrx_word' id='word_1_494' title='bbox 582 4433 611 4485; x_wconf 88' lang='lat' dir='ltr'><strong>in</strong></span> <span class='ocrx_word' id='word_1_495' title='bbox 633 4433 712 4506; x_wconf 85' lang='lat' dir='ltr'><strong>eujus</strong></span> <span class='ocrx_word' id='word_1_496' title='bbox 726 4443 861 4502; x_wconf 76' lang='lat' dir='ltr'><strong>potestate</strong></span> <span class='ocrx_word' id='word_1_497' title='bbox 884 4435 1020 4492; x_wconf 74' lang='lat' dir='ltr'><strong>maritus?</strong></span> <span class='ocrx_word' id='word_1_498' title='bbox 1071 4432 1145 4499; x_wconf 83' lang='lat' dir='ltr'><strong>(luae</strong></span> <span class='ocrx_word' id='word_1_499' title='bbox 1160 4429 1362 4500; x_wconf 74' lang='lat' dir='ltr'><strong>praesumiturq</strong></span> <span class='ocrx_word' id='word_1_500' title='bbox 1375 4429 1434 4504; x_wconf 87' lang='lat' dir='ltr'><strong>ejus</strong></span> <span class='ocrx_word' id='word_1_501' title='bbox 1445 4433 1518 4486; x_wconf 90' lang='lat' dir='ltr'><strong>ratio</strong></span> <span class='ocrx_word' id='word_1_502' title='bbox 1542 4439 1569 4483; x_wconf 89' lang='lat' dir='ltr'><strong>et</strong></span> <span class='ocrx_word' id='word_1_503' title='bbox 1586 4429 1713 4503; x_wconf 82' lang='lat' dir='ltr'><strong>proiao&#39;o</strong></span> <span class='ocrx_word' id='word_1_504' title='bbox 1736 4428 1890 4485; x_wconf 64' lang='lat' dir='ltr'><strong>saumario.</strong></span> 
     </span>
     <span class='ocr_line' id='line_1_47' title="bbox 231 4526 1195 4572; baseline -0.001 -1"><span class='ocrx_word' id='word_1_505' title='bbox 231 4537 259 4572; x_wconf 91' lang='grc' dir='ltr'><strong>ιι.</strong></span> <span class='ocrx_word' id='word_1_506' title='bbox 278 4529 317 4571; x_wconf 92' lang='grc' dir='ltr'><strong>ιι.</strong></span> <span class='ocrx_word' id='word_1_507' title='bbox 1104 4533 1135 4569; x_wconf 93' lang='grc' dir='ltr'><strong>ιι.</strong></span> <span class='ocrx_word' id='word_1_508' title='bbox 1154 4526 1195 4570; x_wconf 91' lang='grc' dir='ltr'><strong>ιι.</strong></span> 
     </span>
     <span class='ocr_line' id='line_1_48' title="bbox 198 4598 1749 4673; baseline -0.001 -15"><span class='ocrx_word' id='word_1_509' title='bbox 198 4603 303 4658; x_wconf 75' lang='lat' dir='ltr'><strong>Viduue</strong></span> <span class='ocrx_word' id='word_1_510' title='bbox 314 4599 348 4655; x_wconf 87' lang='lat' dir='ltr'><strong>de</strong></span> <span class='ocrx_word' id='word_1_511' title='bbox 360 4601 487 4656; x_wconf 77' lang='grc' dir='ltr'><em>ιιιιοιιιίο</em></span> <span class='ocrx_word' id='word_1_512' title='bbox 499 4599 737 4669; x_wconf 78' lang='lat' dir='ltr'><strong>prospiciendum,</strong></span> <span class='ocrx_word' id='word_1_513' title='bbox 750 4600 859 4657; x_wconf 86' lang='lat' dir='ltr'><strong>etiamsi</strong></span> <span class='ocrx_word' id='word_1_514' title='bbox 875 4599 940 4658; x_wconf 87' lang='lat' dir='ltr'><strong>oiuo</strong></span> <span class='ocrx_word' id='word_1_515' title='bbox 959 4621 1019 4659; x_wconf 87' lang='lat' dir='ltr'><strong>ma·</strong></span> <span class='ocrx_word' id='word_1_516' title='bbox 1070 4599 1144 4668; x_wconf 78' lang='lat' dir='ltr'><strong>Quid</strong></span> <span class='ocrx_word' id='word_1_517' title='bbox 1151 4598 1356 4673; x_wconf 84' lang='lat' dir='ltr'><strong>ripluraseuda</strong></span> <span class='ocrx_word' id='word_1_518' title='bbox 1366 4601 1507 4669; x_wconf 74' lang='lat' dir='ltr'><strong>possedeat</strong></span> <span class='ocrx_word' id='word_1_519' title='bbox 1518 4598 1650 4654; x_wconf 78' lang='lat' dir='ltr'><strong>maritus?</strong></span> <span class='ocrx_word' id='word_1_520' title='bbox 1661 4615 1690 4652; x_wconf 85' lang='lat' dir='ltr'><strong>rt·</strong></span> <span class='ocrx_word' id='word_1_521' title='bbox 1705 4605 1749 4652; x_wconf 88' lang='grc' dir='ltr'><strong>ιι.</strong></span> 
     </span>
     <span class='ocr_line' id='line_1_49' title="bbox 231 4679 1890 4757; baseline -0.004 -15"><span class='ocrx_word' id='word_1_522' title='bbox 231 4689 284 4742; x_wconf 84' lang='lat' dir='ltr'><strong>rito</strong></span> <span class='ocrx_word' id='word_1_523' title='bbox 303 4689 336 4742; x_wconf 89' lang='lat' dir='ltr'><strong>ds</strong></span> <span class='ocrx_word' id='word_1_524' title='bbox 357 4705 388 4740; x_wconf 90' lang='lat' dir='ltr'><strong>eo</strong></span> <span class='ocrx_word' id='word_1_525' title='bbox 401 4687 473 4740; x_wconf 77' lang='lat' dir='ltr'><strong>nihil</strong></span> <span class='ocrx_word' id='word_1_526' title='bbox 484 4684 651 4754; x_wconf 75' lang='lat' dir='ltr'><strong>dispositm.</strong></span> <span class='ocrx_word' id='word_1_527' title='bbox 664 4701 693 4736; x_wconf 91' lang='lat' dir='ltr'><strong>n.</strong></span> <span class='ocrx_word' id='word_1_528' title='bbox 711 4695 752 4736; x_wconf 89' lang='grc' dir='ltr'><strong>ιι.</strong></span> <span class='ocrx_word' id='word_1_529' title='bbox 1069 4683 1143 4753; x_wconf 78' lang='lat' dir='ltr'><strong>Quid</strong></span> <span class='ocrx_word' id='word_1_530' title='bbox 1150 4683 1184 4753; x_wconf 88' lang='lat' dir='ltr'><strong>si,</strong></span> <span class='ocrx_word' id='word_1_531' title='bbox 1195 4685 1271 4757; x_wconf 85' lang='lat' dir='ltr'><strong>quod</strong></span> <span class='ocrx_word' id='word_1_532' title='bbox 1281 4685 1393 4738; x_wconf 76' lang='lat' dir='ltr'><strong>maritus</strong></span> <span class='ocrx_word' id='word_1_533' title='bbox 1405 4683 1508 4751; x_wconf 71' lang='lat' dir='ltr'><strong>demas,</strong></span> <span class='ocrx_word' id='word_1_534' title='bbox 1522 4679 1715 4752; x_wconf 79' lang='lat' dir='ltr'><strong>datumsum&#39;t</strong></span> <span class='ocrx_word' id='word_1_535' title='bbox 1728 4683 1759 4736; x_wconf 84' lang='lat' dir='ltr'><strong>t&#39;rt</strong></span> <span class='ocrx_word' id='word_1_536' title='bbox 1776 4683 1890 4738; x_wconf 74' lang='lat' dir='ltr'><strong>uatem?</strong></span> 
     </span>
     <span class='ocr_line' id='line_1_50' title="bbox 194 4767 1184 4838; baseline -0.006 -10"><span class='ocrx_word' id='word_1_537' title='bbox 194 4773 307 4828; x_wconf 77' lang='lat' dir='ltr'><strong>Habent</strong></span> <span class='ocrx_word' id='word_1_538' title='bbox 317 4782 412 4826; x_wconf 86' lang='lat' dir='ltr'><strong>samen</strong></span> <span class='ocrx_word' id='word_1_539' title='bbox 423 4767 581 4823; x_wconf 79' lang='lat' dir='ltr'><strong>electionem</strong></span> <span class='ocrx_word' id='word_1_540' title='bbox 590 4783 762 4834; x_wconf 78' lang='lat' dir='ltr'><strong>successores,</strong></span> <span class='ocrx_word' id='word_1_541' title='bbox 777 4785 817 4822; x_wconf 90' lang='lat' dir='ltr'><strong>an</strong></span> <span class='ocrx_word' id='word_1_542' title='bbox 826 4767 918 4838; x_wconf 84' lang='lat' dir='ltr'><strong>potius</strong></span> <span class='ocrx_word' id='word_1_543' title='bbox 928 4768 1019 4826; x_wconf 86' lang='lat' dir='ltr'><strong>dotem</strong></span> <span class='ocrx_word' id='word_1_544' title='bbox 1100 4787 1129 4823; x_wconf 89' lang='grc' dir='ltr'><strong>ιι.</strong></span> <span class='ocrx_word' id='word_1_545' title='bbox 1144 4779 1184 4822; x_wconf 88' lang='grc' dir='ltr'><strong>ιι.</strong></span> 
     </span>
     <span class='ocr_line' id='line_1_51' title="bbox 233 4851 1682 4928; baseline -0.004 -15"><span class='ocrx_word' id='word_1_546' title='bbox 233 4869 260 4912; x_wconf 91' lang='lat' dir='ltr'><strong>et</strong></span> <span class='ocrx_word' id='word_1_547' title='bbox 277 4855 457 4912; x_wconf 80' lang='lat' dir='ltr'><strong>donationem</strong></span> <span class='ocrx_word' id='word_1_548' title='bbox 480 4863 591 4926; x_wconf 86' lang='lat' dir='ltr'><strong>propter</strong></span> <span class='ocrx_word' id='word_1_549' title='bbox 610 4851 721 4922; x_wconf 85' lang='lat' dir='ltr'><strong>nuptias</strong></span> <span class='ocrx_word' id='word_1_550' title='bbox 738 4855 766 4905; x_wconf 89' lang='lat' dir='ltr'><strong>ei</strong></span> <span class='ocrx_word' id='word_1_551' title='bbox 780 4851 890 4909; x_wconf 83' lang='lat' dir='ltr'><strong>reddere</strong></span> <span class='ocrx_word' id='word_1_552' title='bbox 906 4853 1018 4910; x_wconf 78' lang='lat' dir='ltr'><strong>veiint?</strong></span> <span class='ocrx_word' id='word_1_553' title='bbox 1072 4853 1177 4919; x_wconf 81' lang='lat' dir='ltr'><strong>Verrio,</strong></span> <span class='ocrx_word' id='word_1_554' title='bbox 1189 4853 1258 4910; x_wconf 84' lang='lat' dir='ltr'><strong>ussit</strong></span> <span class='ocrx_word' id='word_1_555' title='bbox 1269 4863 1411 4928; x_wconf 85' lang='lat' dir='ltr'><strong>perpetua,</strong></span> <span class='ocrx_word' id='word_1_556' title='bbox 1424 4853 1579 4927; x_wconf 76' lang='lat' dir='ltr'><strong>requiritur.</strong></span> <span class='ocrx_word' id='word_1_557' title='bbox 1594 4871 1623 4907; x_wconf 91' lang='grc' dir='ltr'><strong>ιι.</strong></span> <span class='ocrx_word' id='word_1_558' title='bbox 1639 4863 1682 4909; x_wconf 88' lang='grc' dir='ltr'><strong>ιι.</strong></span> 
     </span>
     <span class='ocr_line' id='line_1_52' title="bbox 231 4937 1893 5006; baseline 0 -14"><span class='ocrx_word' id='word_1_559' title='bbox 231 4957 258 4994; x_wconf 86' lang='grc' dir='ltr'><strong>ιι.</strong></span> <span class='ocrx_word' id='word_1_560' title='bbox 276 4940 337 4996; x_wconf 88' lang='lat' dir='ltr'><strong>eod.</strong></span> <span class='ocrx_word' id='word_1_561' title='bbox 1065 4937 1248 4992; x_wconf 72' lang='lat' dir='ltr'><strong>constituitur</strong></span> <span class='ocrx_word' id='word_1_562' title='bbox 1261 4941 1336 4994; x_wconf 88' lang='lat' dir='ltr'><strong>inter</strong></span> <span class='ocrx_word' id='word_1_563' title='bbox 1348 4939 1442 5006; x_wconf 76' lang='lat' dir='ltr'><strong>uiuosq</strong></span> <span class='ocrx_word' id='word_1_564' title='bbox 1454 4937 1586 4994; x_wconf 84' lang='lat' dir='ltr'><strong>anetism</strong></span> <span class='ocrx_word' id='word_1_565' title='bbox 1599 4937 1698 4996; x_wconf 80' lang='grc' dir='ltr'><em>ιιιιίιιιιι</em></span> <span class='ocrx_word' id='word_1_566' title='bbox 1722 4939 1893 4996; x_wconf 77' lang='lat' dir='ltr'><strong>ostentaret</strong></span> 
     </span>
     <span class='ocr_line' id='line_1_53' title="bbox 200 5017 1524 5092; baseline -0.002 -14"><span class='ocrx_word' id='word_1_567' title='bbox 200 5023 380 5078; x_wconf 81' lang='lat' dir='ltr'><strong>Utoonru&#39;stat</strong></span> <span class='ocrx_word' id='word_1_568' title='bbox 398 5022 570 5087; x_wconf 72' lang='lat' dir='ltr'><strong>dotalitium,</strong></span> <span class='ocrx_word' id='word_1_569' title='bbox 584 5019 733 5092; x_wconf 78' lang='lat' dir='ltr'><strong>requiretur</strong></span> <span class='ocrx_word' id='word_1_570' title='bbox 753 5021 825 5075; x_wconf 82' lang='lat' dir='ltr'><strong>dotis</strong></span> <span class='ocrx_word' id='word_1_571' title='bbox 843 5020 944 5088; x_wconf 82' lang='lat' dir='ltr'><strong>illatio,</strong></span> <span class='ocrx_word' id='word_1_572' title='bbox 971 5023 1019 5079; x_wconf 82' lang='lat' dir='ltr'><strong>uti</strong></span> <span class='ocrx_word' id='word_1_573' title='bbox 1099 5017 1244 5074; x_wconf 78' lang='lat' dir='ltr'><strong>Sententia</strong></span> <span class='ocrx_word' id='word_1_574' title='bbox 1258 5022 1426 5092; x_wconf 68' lang='lat' dir='ltr'><strong>negantium.</strong></span> <span class='ocrx_word' id='word_1_575' title='bbox 1438 5043 1467 5078; x_wconf 92' lang='grc' dir='ltr'><strong>ιι.</strong></span> <span class='ocrx_word' id='word_1_576' title='bbox 1481 5031 1524 5080; x_wconf 85' lang='grc' dir='ltr'><strong>ιι.</strong></span> 
     </span>
     <span class='ocr_line' id='line_1_54' title="bbox 231 5099 1386 5177; baseline -0.001 -17"><span class='ocrx_word' id='word_1_577' title='bbox 231 5107 287 5162; x_wconf 86' lang='lat' dir='ltr'><strong>tria</strong></span> <span class='ocrx_word' id='word_1_578' title='bbox 306 5106 444 5177; x_wconf 86' lang='lat' dir='ltr'><strong>requisita.</strong></span> <span class='ocrx_word' id='word_1_579' title='bbox 455 5124 483 5158; x_wconf 89' lang='grc' dir='ltr'><strong>ιι.</strong></span> <span class='ocrx_word' id='word_1_580' title='bbox 497 5117 539 5160; x_wconf 85' lang='grc' dir='ltr'><strong>ιο.</strong></span> <span class='ocrx_word' id='word_1_581' title='bbox 1064 5099 1290 5174; x_wconf 79' lang='lat' dir='ltr'><strong>Affirmantium.</strong></span> <span class='ocrx_word' id='word_1_582' title='bbox 1302 5125 1331 5159; x_wconf 86' lang='lat' dir='ltr'><strong>n.</strong></span> <span class='ocrx_word' id='word_1_583' title='bbox 1344 5117 1386 5160; x_wconf 87' lang='grc' dir='ltr'><strong>ιι.</strong></span> 
     </span>
     <span class='ocr_line' id='line_1_55' title="bbox 196 5180 1673 5261; baseline 0.001 -18"><span class='ocrx_word' id='word_1_584' title='bbox 196 5191 223 5243; x_wconf 92' lang='lat'><strong>1.</strong></span> <span class='ocrx_word' id='word_1_585' title='bbox 235 5193 271 5244; x_wconf 88' lang='grc' dir='ltr'><strong>ιΙι</strong></span> <span class='ocrx_word' id='word_1_586' title='bbox 282 5188 332 5242; x_wconf 77' lang='lat' dir='ltr'><strong>dos</strong></span> <span class='ocrx_word' id='word_1_587' title='bbox 341 5187 368 5242; x_wconf 91' lang='lat' dir='ltr'><strong>si</strong></span> <span class='ocrx_word' id='word_1_588' title='bbox 379 5199 466 5254; x_wconf 81' lang='lat' dir='ltr'><strong>aerea,</strong></span> <span class='ocrx_word' id='word_1_589' title='bbox 489 5207 542 5259; x_wconf 87' lang='lat' dir='ltr'><strong>quo</strong></span> <span class='ocrx_word' id='word_1_590' title='bbox 564 5188 744 5246; x_wconf 86' lang='lat' dir='ltr'><strong>determinari</strong></span> <span class='ocrx_word' id='word_1_591' title='bbox 762 5190 851 5259; x_wconf 85' lang='lat' dir='ltr'><strong>possit</strong></span> <span class='ocrx_word' id='word_1_592' title='bbox 873 5187 1013 5261; x_wconf 80' lang='lat' dir='ltr'><strong>quantitas</strong></span> <span class='ocrx_word' id='word_1_593' title='bbox 1069 5180 1143 5257; x_wconf 81' lang='lat' dir='ltr'><strong>Quid</strong></span> <span class='ocrx_word' id='word_1_594' title='bbox 1154 5187 1186 5242; x_wconf 88' lang='lat' dir='ltr'><strong>de</strong></span> <span class='ocrx_word' id='word_1_595' title='bbox 1194 5187 1255 5258; x_wconf 75' lang='lat' dir='ltr'><strong>iure</strong></span> <span class='ocrx_word' id='word_1_596' title='bbox 1265 5190 1401 5248; x_wconf 75' lang='lat' dir='ltr'><strong>sasoniuo</strong></span> <span class='ocrx_word' id='word_1_597' title='bbox 1415 5188 1576 5246; x_wconf 74' lang='lat' dir='ltr'><strong>dicenduml</strong></span> <span class='ocrx_word' id='word_1_598' title='bbox 1587 5207 1615 5246; x_wconf 80' lang='lat' dir='ltr'><strong>u.</strong></span> <span class='ocrx_word' id='word_1_599' title='bbox 1631 5201 1673 5246; x_wconf 85' lang='grc' dir='ltr'><strong>ιι.</strong></span> 
     </span>
     <span class='ocr_line' id='line_1_56' title="bbox 231 5267 1769 5347; baseline -0.001 -21"><span class='ocrx_word' id='word_1_600' title='bbox 231 5270 360 5328; x_wconf 77' lang='grc' dir='ltr'><em>ιοιιιιιὶι.</em></span> <span class='ocrx_word' id='word_1_601' title='bbox 375 5291 402 5323; x_wconf 90' lang='grc' dir='ltr'><strong>ιι.</strong></span> <span class='ocrx_word' id='word_1_602' title='bbox 416 5283 462 5326; x_wconf 85' lang='grc' dir='ltr'><strong>ιι.</strong></span> <span class='ocrx_word' id='word_1_603' title='bbox 1065 5267 1190 5339; x_wconf 81' lang='lat' dir='ltr'><strong>Effeetru</strong></span> <span class='ocrx_word' id='word_1_604' title='bbox 1199 5273 1325 5341; x_wconf 84' lang='lat' dir='ltr'><strong>dotalitii,</strong></span> <span class='ocrx_word' id='word_1_605' title='bbox 1337 5275 1412 5347; x_wconf 89' lang='lat' dir='ltr'><strong>quod</strong></span> <span class='ocrx_word' id='word_1_606' title='bbox 1422 5274 1567 5330; x_wconf 75' lang='lat' dir='ltr'><strong>inhaereat</strong></span> <span class='ocrx_word' id='word_1_607' title='bbox 1568 5274 1669 5345; x_wconf 84' lang='lat' dir='ltr'><strong>feudo.</strong></span> <span class='ocrx_word' id='word_1_608' title='bbox 1683 5291 1712 5328; x_wconf 90' lang='lat' dir='ltr'><strong>n.</strong></span> <span class='ocrx_word' id='word_1_609' title='bbox 1727 5286 1769 5330; x_wconf 88' lang='grc' dir='ltr'><strong>ιι.</strong></span> 
     </span>
     <span class='ocr_line' id='line_1_57' title="bbox 194 5356 1889 5448; baseline -0.001 -34"><span class='ocrx_word' id='word_1_610' title='bbox 194 5359 336 5426; x_wconf 73' lang='lat' dir='ltr'><strong>Quantitas</strong></span> <span class='ocrx_word' id='word_1_611' title='bbox 347 5358 464 5414; x_wconf 73' lang='lat' dir='ltr'><strong>dotaidd</strong></span> <span class='ocrx_word' id='word_1_612' title='bbox 475 5369 504 5414; x_wconf 89' lang='lat' dir='ltr'><strong>ut</strong></span> <span class='ocrx_word' id='word_1_613' title='bbox 516 5359 684 5422; x_wconf 71' lang='lat' dir='ltr'><strong>aestimatore</strong></span> <span class='ocrx_word' id='word_1_614' title='bbox 704 5377 742 5412; x_wconf 90' lang='lat' dir='ltr'><strong>an</strong></span> <span class='ocrx_word' id='word_1_615' title='bbox 760 5359 911 5416; x_wconf 88' lang='lat' dir='ltr'><strong>seeundum</strong></span> <span class='ocrx_word' id='word_1_616' title='bbox 923 5360 1015 5415; x_wconf 88' lang='lat' dir='ltr'><strong>laeum</strong></span> <span class='ocrx_word' id='word_1_617' title='bbox 1040 5377 1044 5448; x_wconf 67' lang='lat' dir='ltr'><strong>q</strong></span> <span class='ocrx_word' id='word_1_618' title='bbox 1065 5357 1278 5423; x_wconf 84' lang='lat' dir='ltr'><strong>Haereditario;</strong></span> <span class='ocrx_word' id='word_1_619' title='bbox 1292 5359 1408 5429; x_wconf 81' lang='lat' dir='ltr'><strong>itemque</strong></span> <span class='ocrx_word' id='word_1_620' title='bbox 1425 5377 1462 5414; x_wconf 75' lang='lat' dir='ltr'><strong>ee</strong></span> <span class='ocrx_word' id='word_1_621' title='bbox 1477 5368 1558 5431; x_wconf 86' lang='lat' dir='ltr'><strong>pacto</strong></span> <span class='ocrx_word' id='word_1_622' title='bbox 1570 5369 1597 5412; x_wconf 87' lang='lat' dir='ltr'><strong>et</strong></span> <span class='ocrx_word' id='word_1_623' title='bbox 1608 5356 1791 5428; x_wconf 76' lang='lat' dir='ltr'><strong>prouidentia·</strong></span> <span class='ocrx_word' id='word_1_624' title='bbox 1802 5377 1831 5412; x_wconf 92' lang='grc' dir='ltr'><strong>ιι.</strong></span> <span class='ocrx_word' id='word_1_625' title='bbox 1846 5371 1889 5414; x_wconf 89' lang='grc' dir='ltr'><strong>ιι.</strong></span> 
     </span>
     <span class='ocr_line' id='line_1_58' title="bbox 229 5440 1759 5518; baseline -0.002 -22"><span class='ocrx_word' id='word_1_626' title='bbox 229 5448 272 5500; x_wconf 89' lang='lat' dir='ltr'><strong>rei</strong></span> <span class='ocrx_word' id='word_1_627' title='bbox 280 5445 369 5502; x_wconf 68' lang='lat' dir='ltr'><strong>adae?</strong></span> <span class='ocrx_word' id='word_1_628' title='bbox 379 5444 515 5518; x_wconf 88' lang='lat' dir='ltr'><strong>quomodo</strong></span> <span class='ocrx_word' id='word_1_629' title='bbox 529 5443 604 5516; x_wconf 86' lang='lat' dir='ltr'><strong>apud</strong></span> <span class='ocrx_word' id='word_1_630' title='bbox 620 5445 727 5510; x_wconf 84' lang='lat' dir='ltr'><strong>Gallos,</strong></span> <span class='ocrx_word' id='word_1_631' title='bbox 752 5446 967 5516; x_wconf 68' lang='lat' dir='ltr'><strong>Langobardos,</strong></span> <span class='ocrx_word' id='word_1_632' title='bbox 985 5455 1014 5502; x_wconf 89' lang='lat' dir='ltr'><strong>st</strong></span> <span class='ocrx_word' id='word_1_633' title='bbox 1065 5442 1114 5495; x_wconf 85' lang='lat' dir='ltr'><strong>An</strong></span> <span class='ocrx_word' id='word_1_634' title='bbox 1128 5449 1154 5496; x_wconf 89' lang='lat' dir='ltr'><strong>et</strong></span> <span class='ocrx_word' id='word_1_635' title='bbox 1154 5440 1246 5511; x_wconf 74' lang='lat' dir='ltr'><strong>findo</strong></span> <span class='ocrx_word' id='word_1_636' title='bbox 1260 5440 1379 5497; x_wconf 89' lang='lat' dir='ltr'><strong>alienari</strong></span> <span class='ocrx_word' id='word_1_637' title='bbox 1387 5441 1524 5512; x_wconf 83' lang='lat' dir='ltr'><strong>prolu&#39;bito</strong></span> <span class='ocrx_word' id='word_1_638' title='bbox 1537 5461 1555 5498; x_wconf 92' lang='lat' dir='ltr'><strong>a</strong></span> <span class='ocrx_word' id='word_1_639' title='bbox 1564 5443 1659 5515; x_wconf 84' lang='lat' dir='ltr'><strong>patre?</strong></span> <span class='ocrx_word' id='word_1_640' title='bbox 1673 5459 1702 5498; x_wconf 89' lang='grc' dir='ltr'><strong>ιι.</strong></span> <span class='ocrx_word' id='word_1_641' title='bbox 1717 5453 1759 5497; x_wconf 88' lang='grc' dir='ltr'><strong>ιι.</strong></span> 
     </span>
     <span class='ocr_line' id='line_1_59' title="bbox 210 5524 1378 5584; baseline 0.002 -6"><span class='ocrx_word' id='word_1_642' title='bbox 210 5529 358 5584; x_wconf 66' lang='lat' dir='ltr'><strong>iunones?</strong></span> <span class='ocrx_word' id='word_1_643' title='bbox 370 5547 398 5583; x_wconf 90' lang='lat' dir='ltr'><strong>n.</strong></span> <span class='ocrx_word' id='word_1_644' title='bbox 414 5541 455 5582; x_wconf 88' lang='grc' dir='ltr'><strong>ιι.</strong></span> <span class='ocrx_word' id='word_1_645' title='bbox 1068 5525 1118 5578; x_wconf 82' lang='lat' dir='ltr'><strong>An</strong></span> <span class='ocrx_word' id='word_1_646' title='bbox 1130 5524 1279 5580; x_wconf 72' lang='lat' dir='ltr'><strong>extraneo?</strong></span> <span class='ocrx_word' id='word_1_647' title='bbox 1292 5543 1318 5578; x_wconf 93' lang='lat' dir='ltr'><strong>n.</strong></span> <span class='ocrx_word' id='word_1_648' title='bbox 1335 5538 1378 5580; x_wconf 88' lang='grc' dir='ltr'><strong>ιι.</strong></span> 
     </span>
     <span class='ocr_line' id='line_1_60' title="bbox 195 5607 1886 5686; baseline 0 -20"><span class='ocrx_word' id='word_1_649' title='bbox 195 5609 282 5682; x_wconf 58' lang='lat' dir='ltr'><strong>usqu</strong></span> <span class='ocrx_word' id='word_1_650' title='bbox 294 5613 455 5682; x_wconf 74' lang='lat' dir='ltr'><strong>quantitatis</strong></span> <span class='ocrx_word' id='word_1_651' title='bbox 459 5609 579 5686; x_wconf 76' lang='lat' dir='ltr'><strong>justitia.</strong></span> <span class='ocrx_word' id='word_1_652' title='bbox 591 5630 619 5664; x_wconf 89' lang='grc' dir='ltr'><strong>ιι.</strong></span> <span class='ocrx_word' id='word_1_653' title='bbox 635 5611 695 5666; x_wconf 84' lang='lat' dir='ltr'><strong>eod·</strong></span> <span class='ocrx_word' id='word_1_654' title='bbox 1069 5607 1142 5677; x_wconf 77' lang='lat' dir='ltr'><strong>Quid</strong></span> <span class='ocrx_word' id='word_1_655' title='bbox 1151 5607 1178 5662; x_wconf 86' lang='lat' dir='ltr'><strong>si</strong></span> <span class='ocrx_word' id='word_1_656' title='bbox 1188 5624 1310 5678; x_wconf 76' lang='lat' dir='ltr'><strong>expresse</strong></span> <span class='ocrx_word' id='word_1_657' title='bbox 1321 5609 1487 5680; x_wconf 72' lang='lat' dir='ltr'><strong>prohibuerit</strong></span> <span class='ocrx_word' id='word_1_658' title='bbox 1496 5619 1573 5679; x_wconf 84' lang='lat' dir='ltr'><strong>poter</strong></span> <span class='ocrx_word' id='word_1_659' title='bbox 1594 5611 1724 5668; x_wconf 72' lang='lat' dir='ltr'><strong>muretus</strong></span> <span class='ocrx_word' id='word_1_660' title='bbox 1748 5609 1778 5666; x_wconf 77' lang='lat' dir='ltr'><strong>r&#39;m</strong></span> <span class='ocrx_word' id='word_1_661' title='bbox 1787 5609 1843 5682; x_wconf 85' lang='lat' dir='ltr'><strong>ssu</strong></span> <span class='ocrx_word' id='word_1_662' title='bbox 1850 5609 1886 5666; x_wconf 77' lang='lat' dir='ltr'><strong>do</strong></span> 
     </span>
     <span class='ocr_line' id='line_1_61' title="bbox 198 5691 1381 5768; baseline -0.003 -18"><span class='ocrx_word' id='word_1_663' title='bbox 198 5697 244 5750; x_wconf 82' lang='lat' dir='ltr'><strong>Dr</strong></span> <span class='ocrx_word' id='word_1_664' title='bbox 253 5709 394 5768; x_wconf 72' lang='lat' dir='ltr'><strong>augmento</strong></span> <span class='ocrx_word' id='word_1_665' title='bbox 406 5711 432 5753; x_wconf 90' lang='lat' dir='ltr'><strong>et</strong></span> <span class='ocrx_word' id='word_1_666' title='bbox 444 5697 628 5754; x_wconf 86' lang='lat' dir='ltr'><strong>diminutione</strong></span> <span class='ocrx_word' id='word_1_667' title='bbox 640 5697 770 5756; x_wconf 73' lang='lat' dir='ltr'><strong>dotalitii.</strong></span> <span class='ocrx_word' id='word_1_668' title='bbox 782 5717 808 5752; x_wconf 90' lang='lat' dir='ltr'><strong>n.</strong></span> <span class='ocrx_word' id='word_1_669' title='bbox 826 5709 868 5754; x_wconf 90' lang='grc' dir='ltr'><strong>ιι.</strong></span> <span class='ocrx_word' id='word_1_670' title='bbox 1103 5691 1280 5750; x_wconf 79' lang='lat' dir='ltr'><strong>dotalitium?</strong></span> <span class='ocrx_word' id='word_1_671' title='bbox 1294 5711 1323 5749; x_wconf 90' lang='grc' dir='ltr'><strong>ιι.</strong></span> <span class='ocrx_word' id='word_1_672' title='bbox 1338 5703 1381 5748; x_wconf 92' lang='grc' dir='ltr'><strong>ιι.</strong></span> 
     </span>
    </p>
   </div>
   <div class='ocr_carea' id='block_1_5' title="bbox 0 0 2242 6274">
    <p class='ocr_par' dir='ltr' id='par_1_5' title="bbox 0 0 2242 6274">
     <span class='ocr_line' id='line_1_62' title="bbox 0 0 2242 6274; baseline 0 0"><span class='ocrx_word' id='word_1_673' title='bbox 0 0 2242 6274; x_wconf 95' lang='lat' dir='ltr'><strong> </strong></span> 
     </span>
    </p>
   </div>
  </div>
 </body>
</html>
