4442 6308
237 315 288 387 ⁴⁵⁷
667 313 717 370 on
736 312 851 372 22222
870 314 892 368 ι
909 309 1094 371 vassiaco
1113 306 1315 377 coumsstt,
1333 322 1395 366 asc.
1776 314 1828 380 asa

190 413 286 505 culpa
310 437 328 480 a
352 437 407 481 me
429 409 621 493 commissa,
645 407 740 477 facile
763 407 991 476 remissionem
1013 425 1031 470 a
1056 416 1089 470 te
1113 405 1371 495 impetraturum
1396 402 1540 491 conlido,
1564 430 1639 474 cum
1670 405 1798 502 ingenii
1832 429 1880 476 tc-

188 507 302 573 naitas
325 525 359 573 et
381 504 539 594 temporis
556 499 706 592 angustia
731 521 801 567 non
826 495 1031 566 indulserint
1055 493 1191 586 dignam
1208 491 1311 584 hujus
1326 493 1484 562 thematis
1499 494 1749 567 discussionem.
1771 501 1804 568 A
1829 501 1880 568 Te

188 617 266 664 sero
290 593 382 664 Deus
405 612 431 661 t.
455 619 485 660 o.
509 617 555 659 m.
579 591 706 660 felicem
733 589 876 682 suscepti
901 587 1025 655 laboris
1048 607 1239 653 successum
1265 584 1452 680 culpaeque
1476 589 1587 657 omnis
1602 589 1813 660 certissimam
1829 617 1880 661 rc·

188 685 380 754 missionem
407 683 550 776 supplex
574 703 683 751 exoro.
709 679 762 749 Sit
780 681 909 774 itaque.

871 845 1122 920 CAPUT
1168 845 1195 913 1.

523 1027 576 1095 Da
600 1026 705 1120 culpa
727 1049 750 1094 a
773 1021 928 1093 vassallo
949 1022 1151 1102 commissa,
1175 1017 1312 1112 ejusque
1335 1019 1542 1092 diversitate.

431 1229 454 1281 S
475 1227 505 1280 li
517 1223 555 1279 i!
566 1224 603 1280 M
616 1223 646 1278 A
661 1226 687 1278 ii
710 1225 730 1277 1
745 1222 775 1277 A
1067 1217 1169 1285 Quaer.
1182 1235 1220 1271 an
1235 1213 1461 1286 vassalliuscudo
1481 1217 1693 1288 2212221122μί
1717 1217 1876 1276 alienation

816 1301 818 1308 '
1093 1303 1221 1376 adjecerit
1230 1303 1416 1358 conditionem
1438 1303 1515 1358 solco
1556 1303 1650 1359 domin
1687 1305 1841 1361 consensu?
1864 1321 1887 1360 r.

182 1392 279 1448 Feuda
302 1391 364 1446 sine
384 1391 462 1462 iusta
488 1407 574 1447 causa
587 1390 706 1446 cassatio
721 1390 791 1460 eripi
808 1405 867 1444 ιιοιι
884 1393 1009 1458 potsunt.
1096 1402 1155 1452 nep.
1170 1403 1197 1438 n.
1210 1394 1252 1439 st.
1546 1399 1550 1410 ¹

219 1495 246 1528 u.
272 1486 294 1528 2.
1060 1468 1136 1522 Idem
1146 1471 1174 1520 si
1184 1469 1312 1524 dominus
1314 1469 1409 1541 fiterit
1432 1489 1612 1543 praesensa.
1626 1483 1668 1526 ts.

181 1561 223 1614 Nc
232 1560 339 1630 quidem
354 1579 372 1614 a
384 1576 492 1612 summo
502 1555 637 1632 principe·
651 1576 679 1612 ιι.
694 1568 718 1610 2.
1064 1553 1207 1609 Vassallus
1217 1554 1400 1624 privationem
1432 1567 1549 1611 meretur
1565 1552 1674 1612 lindum
1693 1554 1891 1612 deteriorando.

182 1643 344 1714 Requiritur
353 1645 471 1698 vassalli
480 1645 570 1716 culpa.
584 1663 612 1698 n.
626 1657 651 1697 s.
1098 1658 1126 1692 n.
1141 1651 1184 1692 22.

186 1735 261 1796 Quae
272 1727 344 1782 alias
356 1727 594 1799 diciturfellonia.
607 1747 635 1780 n.
652 1739 675 1781 t.
1066 1725 1092 1774 V
1090 1722 1116 1778 ei
1126 1725 1241 1778 nimium
1253 1724 1397 1780 saeviendo
1409 1729 1438 1781 in
1450 1725 1581 1781 subditos.
1593 1745 1620 1780 ιι.
1635 1737 1675 1778 tt.

183 1812 253 1879 lip'as
265 1833 284 1866 a
298 1811 340 1864 aa.
355 1813 440 1864 varia
453 1809 583 1882 acceptio.
596 1813 623 1864 n.
640 1823 664 1863 2.
673 1828 733 1881 seq.
1061 1807 1105 1859 De
1115 1808 1193 1876 culpa
1208 1809 1375 1864 omissionis.
1387 1830 1414 1864 ιι.
1431 1823 1474 1864 22.

183 1893 330 1950 Felloniae
342 1911 442 1948 nomen
454 1895 604 1950 tutorum
617 1905 665 1950 est.
677 1913 704 1948 n.
718 1911 742 1950 2.
1062 1892 1241 1950 Describitur.
1254 1913 1283 1947 n.
1299 1908 1342 1948 22.

183 1983 219 2033 12
232 1999 286 2050 quo
300 1981 433 2035 constitut
445 1979 548 2047 culpa?
561 1999 590 2032 n.
609 1993 648 2034 to.
1060 1977 1182 2047 Culpam
1194 1979 1353 2034 omissionis
1370 1980 1512 2035 committit
1527 1980 1660 2036 vassallus
1670 1981 1779 2038 servitia
1797 1978 1882 2036 dene·

183 2064 272 2129 cntpa
286 2064 343 2116 ala'a
356 2073 395 2118 est
406 2062 610 2116 commissionis
621 2065 680 2117 alia
693 2062 858 2117 omissionis.
871 2081 899 2116 ιι.
916 2072 958 2116 11.
1096 2059 1200 2130 ganda.
1212 2081 1241 2114 ιι.
1256 2075 1298 2118 to.

186 2145 359 2202 Describitur
368 2146 447 2212 culpa
460 2146 670 2201 commissionis.
685 2166 713 2201 n.
734 2155 775 2200 12.
1060 2143 1177 2199 Seruitia
1191 2164 1247 2201 non
1259 2147 1393 2201 debentur
1404 2147 1460 2202 nisi
1469 2147 1583 2204 indicta.
1594 2169 1622 2204 n.
1638 2161 1681 2204 21.

184 2233 262 2285 Haec
273 2232 353 2302 culpa
364 2233 554 2298 committitur,
567 2232 593 2285 si
604 2231 739 2285 2222221122
750 2223 893 2286 dominum
906 2227 1011 2286 occide·
1063 2229 1190 2284 Cessaate
1201 2227 1297 2304 oJ‘ficio
1309 2242 1400 2288 cessat
1409 2250 1514 2305 quoque
1526 2231 1693 2305 benficium.
1705 2251 1733 2287 n·
1747 2243 1789 2290 st.

220 2317 269 2367 rit.
283 2335 311 2367 n.
329 2327 369 2369 ts.
1069 2317 1224 2386 Temperat.
1236 2335 1265 2370 n.
1280 2330 1322 2370 22.

184 2402 341 2456 limitatur.
352 2420 380 2454 n.
398 2411 438 2455 11.
550 2423 570 2436 ··
1062 2399 1095 2454 Si
1106 2401 1243 2455 vassallus
1255 2399 1397 2457 dominum
1410 2399 1439 2454 in
1448 2399 1506 2458 acis
1518 2401 1636 2458 deterat.
1649 2417 1676 2454 ιι.
1687 2408 1729 2452 21.

185 2486 265 2539 ΝιἹιιἹ
276 2486 395 2552 interest,
408 2503 447 2540 an
459 2501 567 2539 ueneno
579 2504 616 2540 an
626 2486 719 2559 gladio
738 2484 913 2556 interfecerit.
932 2499 959 2536 n·
974 2494 1014 2538 ts.
1064 2485 1234 2558 Ampliatar.
1248 2503 1276 2540 n.
1291 2498 1334 2540 22.

186 2569 366 2627 Eatenciitur.
380 2589 408 2622 n.
423 2581 463 2622 22.
475 2588 546 2640 seqq.
1065 2571 1130 2623 Zaa.
1143 2567 1238 2640 opinio
1253 2568 1383 2641 rejicitur.
1395 2589 1424 2624 ιι.
1438 2582 1480 2626 ts.

183 2654 314 2712 tuanen.
326 2654 421 2727 opinio
434 2653 567 2728 rejicitur·
581 2673 610 2708 ιι.
627 2665 673 2707 12.
1065 2654 1197 2710 Auctoris
1208 2655 1354 2712 sententia·
1367 2675 1397 2711 n.
1411 2667 1454 2712 22.

188 2743 290 2808 Quaen
302 2735 368 2809 quid
370 2735 459 2811 juris,
476 2735 501 2788 si
516 2738 653 2792 vassallus
665 2736 804 2791 dominicas
819 2735 956 2790 occisuras
966 2735 1011 2790 cie·
1065 2739 1190 2794 limitat.
1202 2757 1229 2792 n.
1244 2751 1290 2794 ss.
1300 2759 1355 2813 sep.

222 2823 327 2877 sistat?
340 2840 367 2874 n.
387 2833 428 2874 ts.
1070 2825 1170 2893 Quaer.
1185 2842 1222 2880 an
1235 2823 1470 2898 vassallusseucio
1478 2825 1645 2897 privandus,
1657 2825 1684 2880 si
1693 2823 1835 2880 (lominum
1848 2825 1890 2879 in·

186 2909 265 2975 Resp.
277 2906 407 2977 distingu-
419 2924 446 2959 n.
471 2917 513 2959 22.
1097 2910 1172 2978 iuste
1184 2909 1384 2981 belligerantem
1395 2911 1523 2966 deserat?
1533 2915 1567 2974 11.
1579 2929 1641 2984 neg.
1654 2929 1682 2964 n.
1700 2923 1743 2965 22.

188 2993 368 3048 Declaratur.
383 3011 411 3042 ιι.
427 3003 468 3044 21.
1066 2993 1151 3048 Ratio
1165 2993 1322 3048 decisionis.
1337 3013 1366 3048 ιι.
1381 3005 1424 3048 21.

184 3077 219 3132 Si
227 3075 338 3131 domina
348 3091 450 3145 graves
461 3075 580 3150 injurias
591 3076 721 3131 intulerit.
733 3093 759 3128 ιι.
779 3083 824 3128 22.
1066 3079 1098 3134 Si
1108 3077 1314 3149 conspiratores
1324 3073 1496 3135 domininon
1509 3079 1683 3137 indicauerit.
1696 3099 1725 3134 ιι.
1739 3092 1781 3134 22.

186 3157 398 3231 Madasuerint
410 3171 527 3215 atroces.
540 3179 569 3214 n.
585 3171 629 3216 22.
1068 3164 1132 3216 Jur.
1145 3162 1194 3216 cia.
1207 3181 1287 3218 nemo
1300 3173 1409 3218 tenetur
1418 3164 1594 3223 denunciare.
1609 3186 1637 3221 ιι.
1651 3179 1695 3220 22.

185 3248 221 3299 Si
230 3244 372 3301 dominum
386 3244 419 3298 de
431 3245 546 3301 crimine
554 3246 677 3320 quodam
689 3247 870 3302 accusaverat
884 3263 911 3298 a·
927 3254 968 3297 ²⁴·
1064 3245 1362 3320 singutarejunjend.
1377 3267 1405 3301 n.
1419 3260 1461 3302 21.

188 3335 285 3388 Ratio.
299 3350 326 3384 n.
341 3342 385 3383 22.
1062 3334 1097 3385 Si
1106 3334 1246 3388 domnitam
1256 3331 1457 3388 incarceratum
1467 3351 1525 3388 non
1535 3334 1708 3396 liberaverit.
1728 3353 1755 3390 ιι.
1771 3348 1814 3391 ti.

189 3416 313 3471 Etiamsi
321 3434 372 3487 per
382 3415 470 3470 alium
481 3418 664 3472 2222222222ιί2.
676 3437 705 3472 ιι.
719 3428 761 3472 22.
1073 3420 1227 3484 Temperat.
1238 3435 1266 3470 n.
1279 3427 1320 3470 22.

197 3505 386 3570 Temperatur.
396 3521 427 3554 n.
441 3511 485 3553 22.
1065 3503 1097 3557 Si
1105 3503 1249 3560 dominum
1261 3519 1374 3572 egenum
1388 3520 1446 3556 nan
1460 3503 1528 3558 alat.
1540 3523 1567 3558 ιι.
1582 3497 1624 3556 22.

186 3589 219 3639 Si
229 3585 489 3656 dominamfirmosa
500 3587 610 3646 acteone
621 3585 776 3640 conveniat.
789 3603 818 3636 n.
832 3595 875 3638 22.
1067 3587 1247 3660 Approbatur
1259 3585 1377 3641 Scltrasi·
1389 3587 1533 3640 sententia.
1544 3604 1572 3638 n.
1587 3597 1631 3638 22.

188 3672 285 3725 Ratio.
300 3688 328 3721 n.
344 3680 386 3722 ta.
824 3709 827 3720 .
1066 3674 1097 3728 Si
1108 3675 1316 3730 mactationem
1327 3667 1503 3726 investiturae
1514 3669 1593 3743 justa
1611 3678 1732 3740 tempore
1742 3667 1892 3738 nonpetie-

186 3755 219 3808 Si
230 3766 332 3809 secreta
346 3752 456 3809 domini
466 3754 562 3808 dolose
570 3755 744 3808 revelaverit.
759 3773 787 3808 n.
802 3766 843 3810 to.
1103 3758 1148 3812 rit.
1158 3775 1186 3810 n.
1201 3768 1243 3814 ts.

185 3835 434 3908 Siseuciumsuerit
446 3837 599 3910 inficiatus.
613 3857 641 3890 n.
656 3850 701 3894 st.
1068 3841 1131 3895 Nisi
1133 3842 1238 3912 justam
1252 3836 1441 3894 excusationis
1452 3853 1567 3892 causam
1579 3837 1690 3894 babeat·
1703 3854 1732 3890 n.
1749 3847 1791 3888 so.

189 3924 298 3979 Strauii
309 3927 416 3994 opinio.
428 3941 455 3975 n.
474 3933 518 3976 22.
1069 3927 1114 3980 De
1124 3927 1204 3996 calpa
1217 3923 1245 3978 in
1259 3935 1410 3978 extraneas
1422 3920 1577 3979 cometissa.
1589 3940 1617 3976 n·
1631 3935 1672 3976 at·

185 4009 220 4062 Si
229 4009 365 4062 cma‘citias
378 4025 438 4061 cum
449 4005 566 4059 inimicis
579 4002 687 4058 domiai
698 4007 879 4058 commoreris
894 4023 918 4060 n.
937 4019 976 4062 22.
1069 4009 1214 4064 Conclusio
1228 4007 1334 4079 capitis.
1346 4025 1375 4060 n.
1390 4015 1434 4058 22.

189 4089 385 4164 Modosecerit
397 4089 500 4144 dolose.
514 4108 541 4142 ιι.
556 4099 599 4141 21.

189 4180 250 4232 Nea
262 4175 428 4252 subsitjusta
440 4191 534 4228 eausa.
547 4191 576 4225 a·
590 4185 633 4226 ³⁵·
1070 4129 1180 4234 Fausta
1198 4177 1279 4232 semet
1298 4173 1421 4245 legitime
1430 4171 1560 4244 acquisita
1579 4173 1638 4230 sine
1656 4175 1728 4242 jaste
1746 4189 1823 4228 22222
1835 4189 1893 4226 aas·
1949 4191 1959 4230 s

189 4263 221 4315 Si
229 4260 414 4316 testimonium
432 4257 507 4312 aens
523 4265 622 4311 contra
640 4257 789 4313 dominum-
805 4275 834 4312 ⁸·
847 4268 889 4312 ³⁶·
1068 4263 1132 4316 22112
1150 4260 1222 4332 eripi
1241 4277 1296 4313 non
1313 4275 1404 4329 [osse.
1425 4268 1498 4312 22122
1522 4256 1734 4311 controversiam
1752 4265 1807 4321 est,
1825 4264 1896 4312 tecet.

190 4349 255 4402 Nisi
253 4345 352 4418 saciat
363 4355 482 4400 coactns.
495 4362 526 4398 ιι.
539 4355 584 4398 st.
1072 4343 1181 4415 nfeud.
1197 4357 1222 4397 2.
1233 4363 1272 4416 pr.
1284 4343 1382 4416 ibique.
1391 4343 1497 4396 11212122.
1513 4353 1536 4394 1.
1541 4343 1627 4413 fenei.
1641 4351 1684 4394 21.
1695 4359 1739 4411 pr.
1752 4343 1892 4395 Hartman.

189 4433 222 4484 Si
232 4433 321 4486 neeri
328 4427 435 4482 domini
443 4436 566 4492 steaprum
576 4425 709 4482 1212212ιί1.
736 4447 765 4480 ιι.
779 4437 820 4480 22.
1068 4429 1226 4484 nortmanni
1244 4427 1274 4481 in
1285 4436 1374 4496 praet.
1385 4426 1495 4480 obsera.
1507 4425 1548 4478 tit·
1561 4426 1593 4480 212
1597 4423 1712 4496 Ι[2222112,
1724 4424 1892 4480 obseruatio·

194 4513 248 4570 Vel
256 4513 283 4568 ei
293 4513 415 4566 osculum
428 4507 537 4563 dederit.
553 4527 582 4562 ιι.
598 4520 641 4562 22.
1067 4533 1105 4568 ne
1117 4524 1160 4566 21.
1172 4513 1212 4568 Nc
1230 4512 1339 4584 quidem
1358 4531 1373 4565 s
1390 4527 1496 4566 2222222
1513 4510 1640 4582 principe
1649 4529 1710 4566 cum
1727 4520 1782 4564 1212
1807 4511 1894 4580 ipsias
1948 4521 1961 4561 2

189 4597 362 4666 Arapliatur.
373 4612 401 4648 n.
420 4607 527 4662 12222.
1069 4597 1223 4664 majestate,
1241 4595 1281 4650 ati
1300 4593 1375 4666 loqui
1393 4592 1548 4648 2222222121.
1568 4591 1703 4648 Boccholt.
1722 4591 1857 4662 definitis
1869 4614 1891 4650 c.

191 4681 345 4756 Quidjuris
356 4680 496 4750 insponsa
510 4675 635 4732 domini?
653 4695 682 4755 n.
699 4685 740 4726 12.
1069 4691 1094 4734 2.
1106 4698 1134 4732 ιι.
1148 4679 1310 4734 &barlens
1328 4675 1436 4748 csend.
1452 4689 1474 4732 1.
1485 4683 1509 4740 t.
1522 4676 1685 4731 notandum.
1698 4687 1749 4731 est.
1763 4697 1791 4732 ιι.
1807 4687 1831 4728 2.
1844 4677 1889 4730 ld·
1950 4688 1961 4728 2

192 4764 270 4840 Quid
278 4767 308 4820 in
322 4761 425 4818 2121221
439 4780 468 4816 n.
483 4771 527 4815 12.
1068 4762 1140 4820 circo
1157 4779 1265 4817 neccsse
1278 4759 1471 4830 estpraeceslst
1489 4759 1594 4814 22222111
1613 4760 1708 4830 cnlps,
1719 4760 1772 4817 sid.
1786 4761 1892 4815 212221.

196 4854 299 4909 Verior
307 4843 445 4906 sententia
458 4845 587 4900 astatoria.
601 4861 630 4897 a·
645 4853 686 4894 tt.
1071 4846 1178 4921 uscarl.
1192 4859 1235 4900 22.
1250 4845 1364 4916 defend.
1387 4843 1522 4914 22122212.
1534 4861 1593 4898 nen
1612 4842 1702 4897 22212.
1722 4843 1797 4913 Quae
1814 4847 1891 4918 culpa
1951 4852 1963 4891 ⁴

189 4937 315 4994 Limites.
328 4952 356 4989 n.
371 4943 414 4986 12.
718 4921 722 4930 '
991 5001 994 5006 Ι
1067 4931 1098 4982 12
1115 4946 1213 5001 genera
1229 4927 1354 4984 teudistis
1367 4926 1467 4982 dicitur
1479 4925 1601 4991 12112212,
1623 4936 1648 4979 2.
1651 4925 1737 4996 seud-
1749 4937 1792 4982 21.
1805 4929 1829 4996 §.
1842 4929 1893 4982 do·

194 5016 273 5089 (tuti
280 5019 309 5072 in
317 5016 400 5088 filia,
415 5024 497 5084 nepte
507 5023 533 5066 ct
543 5030 639 5068 sorore
649 5011 775 5067 domini?
786 5029 814 5064 n.
829 5011 872 5066 12.
1069 5015 1154 5068 mino.
1165 5015 1219 5068 Do.
1229 5015 1317 5068 Praes.
1331 5013 1360 5066 in
1371 5011 1502 5066 examine
1508 5008 1666 5082 iurisseust.
1674 5029 1731 5084 oap.
1740 5019 1892 5082 22222221.

191 5103 271 5161 Idem
284 5103 387 5157 obtinet
398 5099 428 5154 in
438 5109 526 5154 matre
537 5099 651 5152 domiai.
666 5116 693 5149 n.
712 5106 753 5148 tt.
1072 5112 1095 5153 2.
1113 5099 1153 5152 De
1166 5101 1239 5167 cajus
1255 5096 1365 5167 quidem
1382 5095 1488 5166 origine
1501 5094 1608 5167 prolixe
1625 5095 1671 5149 hic
1689 5113 1767 5168 agera
1785 5099 1892 5152 animus
1947 5101 1959 5138 ⁵

196 5189 291 5245 Limia.
305 5205 333 5242 n.
349 5196 392 5240 ss.
1069 5199 1122 5236 noa
1140 5189 1196 5246 221,
1214 5189 1330 5234 alumen
1344 5196 1378 5233 oe
1388 5180 1470 5234 etism
1482 5178 1532 5233 hoc
1546 5181 1624 5250 plane
1641 5180 1711 5235 sicca
1729 5181 1799 5252 pede
1810 5201 1890 5252 peac-

192 5275 346 5346 Sijbadum
359 5269 472 5327 domino
485 5265 638 5322 incomaito
653 5267 760 5320 alienet.
774 5282 800 5317 ιι.
817 5275 860 5322 12.
1069 5265 1175 5320 12211222
1192 5263 1304 5328 ridear,
1327 5263 1468 5335 opiniones
1486 5261 1659 5334 quorumdam
1681 5263 1728 5318 dd.
1754 5263 1897 5319 adducam.

192 5359 278 5415 Ratio
288 5355 440 5428 prohibitae
453 5351 638 5407 alienationis.
654 5369 680 5403 n.
701 5363 743 5404 ao.
1069 5347 1192 5418 Cujscins
1204 5347 1433 5403 nomeniellooise
1443 5345 1681 5404 deducitaGraeoo
1693 5349 1894 5422 palummum!
1949 5348 1964 5388 ⁶

195 5441 462 5516 Quiarinercioerit
472 5423 530 5493 esse
538 5437 658 5509 seudum
665 5436 685 5487 .²-
694 5453 721 5487 n.
738 5448 778 5488 ss.
1070 5429 1205 5506 significat
1217 5433 1392 5504 imposturans
1412 5433 1468 5486 sire
1486 5429 1627 5486 1211221222.
1645 5433 1701 5486 atti
1719 5451 1735 5486 s
1753 5429 1893 5488 222122121-
1950 5445 1960 5482 ι

191 5531 279 5588 Modo
298 5526 433 5583 munaus
450 5513 643 5594 'ignorantiam
669 5520 825 5592 probauerit
852 5519 1019 5591 jurassenta.
1069 5519 1096 5572 12
1114 5517 1233 5590 idipsam
1251 5516 1402 5582 deducant,
1423 5515 1495 5570 uncle
1518 5515 1660 5570 nonnullis
1684 5516 1768 5570 etism
1788 5513 1892 5570 dicitnr

229 5636 257 5671 n,
275 5627 318 5670 η,
1069 5603 1178 5658 12112212
1185 5641 1195 5670 ,
1213 5601 1285 5674 qood
1302 5599 1438 5674 improbat
1455 5599 1593 5676 1122212212.
1611 5618 1632 5656 2.
1648 5611 1673 5653 2.
1685 5618 1715 5654 ιι.
1739 5611 1779 5652 tt.
1800 5601 1856 5653 1111
1876 5619 1890 5654 s
1947 5609 1958 5647 t

191 5699 417 5774 Ita‘sip'amsseris
428 5693 541 5772 mmai
552 5689 599 5746 ael
613 5689 748 5762 peq'urus·
761 5707 788 5744 n.
805 5697 847 5742 ss.
1072 5705 1259 5759 permanerunt
1276 5689 1405 5753 rouen,
1423 5687 1451 5741 1.
1468 5703 1494 5740 2.
1505 5701 1617 5752 errare,
1643 5683 1798 5758 delinquere
1819 5684 1894 5740 12112·

1032 5798 1035 5810 .
1979 5777 2059 5808 fi
