4442 6308
264 271 315 324 tot

632 263 680 316 titt
699 265 826 323 Ptttttts
846 266 1091 330 SPONSALIBUS
1108 269 1154 328 Et
1176 269 1301 330 Pntnts
1319 272 1473 332 tuentis.

1786 269 1845 323 '525

215 367 343 423 Fuisseus
358 365 388 420 in
405 375 439 420 tr.
458 361 492 420 de
509 370 584 434 niipt.
605 359 667 416 sine
689 371 794 430 parent.
818 379 943 416 consens.
969 383 1027 420 non
1077 368 1138 422 ciibi
1157 371 1274 422 iocorum
1292 369 1483 424 cousuetudine
1500 369 1540 423 sei
1557 365 1639 422 etism
1659 373 1755 420 stituto
1772 364 1895 422 introdu-

138 477 171 519 ιι
209 453 337 508 scribeb-
356 469 385 504 ιι.
407 462 430 502 ι.
449 468 515 520 pag.
536 458 577 500 ιι.
596 446 614 499 i.
637 441 727 513 tt.ffi
746 445 778 498 de
796 446 839 498 rit.
853 449 972 514 nuptinr.
984 451 1027 502 isi·

211 535 234 590 si
252 535 314 604 quis
331 532 421 588 dicere
439 532 515 596 uelit,
535 529 570 584 ob
589 528 745 582 dissidutsm
757 527 896 582 hodiernis
910 529 1030 584 moribus

212 617 332 688 ps-triini
351 628 520 688 potientem,
539 629 586 684 pei
604 609 800 666 institutionem
814 614 937 682 propriso
954 633 1030 668 cecc·

139 723 170 764 rt
213 701 320 757 ucuiiie
336 709 364 756 et
380 698 586 754 celibistioueui
604 695 774 764 nuptiarum,
793 698 950 766 praesertim
974 703 1033 768 jure

216 786 357 840 senonico:
385 781 478 854 Cirpi.
493 799 520 850 p.
541 791 566 832 ι.
582 789 668 832 coust.
691 788 729 830 tc.
748 779 775 832 d.
797 789 819 832 ι.
839 789 866 832 et
885 794 907 834 ι.
922 780 1033 849 ιἰιιίιρι.

213 868 332 928 ccrisi'st.
352 867 370 918 i.
394 878 416 920 t.
433 866 461 919 d.
488 875 547 920 ιι7.
564 863 687 920 Richter.
708 863 788 917 decu.
807 874 832 916 ι.
852 883 879 916 ιι.
905 875 947 918 ιι.
972 865 1033 920 duis.

213 955 331 1024 ioppen.
359 950 388 1006 in
419 970 469 1006 usu
491 957 580 1018 praet.
604 946 689 1004 instit.
711 947 769 1001 obs.
795 958 837 1004 ιι.
857 967 884 1002 ιι.
909 959 934 1002 ι.
959 967 1033 1004 secus

210 1057 240 1092 se
257 1039 290 1091 de
306 1040 357 1106 jus.
376 1039 424 1092 cis.
444 1037 568 1106 Koppeu.
593 1034 619 1086 d.
641 1034 659 1090 t.
685 1051 714 1086 ιι.
747 1045 772 1087 7.
802 1033 914 1089 insimul
941 1037 1033 1108 exepi-

209 1141 269 1180 rsse
286 1141 380 1180 omues
397 1123 500 1194 potuine
518 1119 659 1191 poteitstii
672 1116 798 1182 effectus,
810 1136 936 1190 quorsum
949 1121 1031 1174 etium

1079 462 1150 506 ctum
1161 451 1244 517 iuret,
1259 453 1462 524 primogenitum
1472 469 1503 510 ιιι
1513 453 1608 524 primis
1623 451 1739 522 nuptiis,
1750 449 1783 502 sd
1797 466 1898 506 succri-

1080 536 1183 593 sionem
1201 535 1308 593 sdmitti
1329 539 1441 600 dehere:
1468 536 1586 592 duxisset
1609 544 1696 588 sutem
1722 533 1818 602 uliquis
1844 543 1898 588 tres

1080 639 1192 688 uxores,
1211 639 1244 676 ex
1263 621 1352 692 prims
1371 623 1458 674 nullos
1477 620 1635 690 suscepisset
1653 616 1764 682 liberos,
1776 615 1823 670 sed
1837 626 1894 670 tau-

1083 713 1138 758 tuni
1157 721 1190 758 ex
1208 705 1321 760 innota
1340 715 1366 758 et
1382 705 1479 768 tertis,
1494 722 1537 776 qu.
1561 720 1629 756 sune
1654 699 1847 772 primogenitus
1864 715 1897 754 ex
1997 773 2000 780 Ι

1087 787 1206 840 secundo
1225 786 1398 842 matrimonio
1416 786 1556 840 succedere
1576 785 1684 850 debeat,
1701 802 1727 839 ι.
1743 801 1784 852 gr.
1806 783 1833 836 in
1848 782 1898 838 Βιι

1083 868 1186 922 ruuissu
1201 872 1242 923 uel
1252 871 1324 924 uliud
1338 868 1468 925 feudum?
1483 873 1565 940 ttesp.
1575 869 1647 938 quod
1660 868 1709 934 sic,
1723 885 1772 937 per
1785 885 1824 930 eu,
1833 885 1898 938 qune

1084 952 1169 1006 tibet
1185 953 1272 1014 Furit
1292 953 1325 1008 dc
1341 971 1456 1008 success.
1474 955 1507 1006 ab
1532 951 1657 1006 inrisit.
1679 961 1703 1004 t.
1721 969 1781 1020 cap.
1806 961 1848 1004 ιι.
1872 970 1899 1002 ιι.

1084 1048 1127 1090 ιι.
1145 1046 1173 1090 et
1191 1054 1257 1107 quse
1275 1038 1305 1090 in
1321 1058 1380 1108 cap:
1405 1051 1426 1090 ι.
1444 1040 1526 1113 liujus
1542 1038 1607 1105 disp.
1628 1034 1685 1088 iuie
1705 1033 1812 1088 tradidi.

1118 1121 1217 1176 Uitinsc
1235 1123 1292 1174 ioco
1310 1121 1471 1176 mouendum
1498 1131 1635 1190 superest,
1654 1122 1696 1186 jus
1713 1119 1902 1192 prohibitionis
1938 1130 1967 1174 ιι

213 1217 317 1278 spectat
333 1205 474 1277 requisitio
492 1218 636 1258 cousensus
651 1203 758 1273 paterni
783 1204 813 1258 iri
836 1207 937 1276 nuptiis
961 1203 1032 1260 iiiio-
1076 1222 1123 1278 per
1140 1207 1242 1278 primas
1253 1206 1358 1274 nuptiis
1373 1206 1403 1258 in
1414 1208 1525 1274 conjuge
1541 1225 1591 1260 unu
1600 1245 1610 1274 ,
1629 1226 1691 1261 euru
1708 1206 1820 1272 ulterius
1838 1222 1902 1260 con·

138 1316 171 1357 22
213 1289 459 1360 ruic‚pr.iusi.‹te
471 1299 547 1360 nupt.
565 1289 583 1340 ι.
605 1286 682 1356 ²·ff·
697 1287 733 1342 de
749 1291 796 1342 ιιι.
815 1301 893 1357 nupt.
912 1293 950 1346 Ui
968 1291 1032 1344 hine

211 1393 265 1432 uon
283 1375 401 1448 emptius
419 1391 452 1429 ex
469 1373 539 1443 juris
558 1371 730 1438 necessitate,
748 1370 795 1428 sed
814 1389 846 1424 ei
866 1390 938 1426 mers
951 1372 1034 1429 boue·

208 1469 277 1514 stste
294 1468 322 1516 et
339 1459 506 1525 nescientis,
526 1457 682 1529 perentibus
700 1457 759 1522 iure
784 1456 900 1512 ostuiiii
925 1456 1032 1524 debite,

210 1543 309 1616 (quum
328 1545 399 1600 nulio
410 1543 479 1614 juris
492 1543 579 1596 ciuilis
592 1541 734 1612 dispositio
750 1542 778 1592 iu
791 1541 964 1604 coutruriuru,
979 1541 1031 1596 toi·

211 1631 267 1688 isse
285 1637 387 1700 potest,
407 1645 467 1697 arg.
485 1635 508 1690 ι.
529 1640 569 1682 ιι.
588 1627 649 1680 ιἰιιι.
668 1623 702 1678 de
712 1627 738 1698 j.
757 1644 786 1678 ιι.
802 1643 828 1694 g.
847 1635 873 1676 et
886 1623 1033 1696 g.)eosuui

212 1731 370 1770 musaeum
387 1710 462 1768 fliius
479 1712 614 1782 requisme
626 1727 762 1764 necessum
783 1709 886 1762 hibesi.

138 1817 169 1858 ιι
228 1809 231 1815 ’
247 1799 329 1852 Porro
346 1798 433 1853 idhuc
456 1795 635 1860 mouendum,
648 1794 755 1848 nomine
767 1793 913 1864 primirum
928 1790 1032 1862 nuptii-

210 1899 272 1937 ruus
289 1882 421 1940 interdum
441 1883 531 1940 uenire
548 1879 692 1946 secundis,
713 1895 743 1934 eo
760 1894 838 1945 cusu,
857 1877 882 1930 si
895 1875 965 1930 toste
977 1875 1028 1927 sii·

1080 1291 1150 1361 jugis
1182 1289 1383 1360 conisuguineis
1419 1289 1501 1342 semel
1527 1289 1691 1357 ridiostoru,
1723 1307 1780 1342 nou
1801 1288 1902 1342 moleri

1081 1387 1125 1430 sut
1144 1375 1200 1428 tolli
1222 1393 1268 1446 per
1288 1373 1559 1443 inconsumptus,
1578 1376 1665 1428 uteie
1690 1384 1750 1444 post
1774 1372 1903 1428 secundis

1085 1461 1177 1514 tertiis
1197 1469 1248 1514 eto.
1268 1459 1387 1530 nuptias,
1408 1466 1600 1528 postmortem
1619 1460 1722 1528 primus
1734 1457 1824 1512 itioris
1838 1475 1899 1512 cum

1083 1545 1145 1598 eliis
1163 1552 1329 1604 contructis,
1350 1559 1403 1594 nou
1423 1541 1458 1596 sit
1476 1541 1657 1609 permissum,
1676 1542 1749 1594 inire
1763 1541 1900 1594 cistricto-

1084 1629 1159 1680 nium
1179 1645 1238 1679 curu
1257 1637 1364 1694 cognitu
1383 1625 1487 1695 primis
1507 1627 1611 1690 uxoris,
1631 1627 1659 1678 iu
1686 1625 1824 1697 prohibito
1842 1641 1900 1694 grs-
1921 1659 1924 1666 ·

1083 1715 1136 1779 siu,
1153 1733 1232 1786 quim
1251 1713 1284 1768 de
1302 1717 1359 1782 jure
1379 1714 1475 1768 ducere
1491 1712 1652 1784 prohibeor,
1670 1711 1901 1781 confraternita-

1083 1799 1126 1852 tis.
1144 1817 1167 1852 c.
1187 1812 1229 1854 ιι.
1242 1819 1285 1868 pii.
1304 1811 1343 1852 ιιι.
1355 1796 1416 1852 edd.
1429 1798 1491 1853 Joir.
1510 1795 1691 1852 Bechstsdius
1703 1798 1731 1850 in
1740 1795 1834 1850 coliat-
1841 1795 1898 1866 p'iir.

1083 1883 1241 1940 cannabini.
1260 1903 1286 1952 p.
1308 1895 1366 1938 ιιι.
1383 1900 1411 1936 n.
1431 1894 1457 1937 ι.

847 2041 1171 2111 ΜΕΜΒΗΙΙΜ
1218 2043 1262 2113 V.

639 2215 696 2283 De
709 2215 825 2306 primo
837 2213 973 2304 gradis,
989 2229 1022 2280 et
1035 2217 1147 2306 primo
1163 2215 1344 2306 affinitatis
1357 2239 1482 2308 genere

455 2387 792 2444 cnnnnntn

212 2558 489 2616 mortuummare
502 2573 614 2611 numero
627 2555 829 2624 permissorum·
843 2575 872 2610 ιι.
886 2567 909 2610 ι.Ι

214 2647 251 2699 In
260 2645 401 2711 permissis
415 2644 448 2697 de
459 2642 641 2712 prohibitione
652 2641 838 2696 laborandum.
853 2659 882 2694 ii.
898 2651 921 2694 ι.

217 2731 361 2796 Quaenam
374 2727 411 2780 iit
425 2725 583 2798 dip'smutio
604 2746 640 2778 an
656 2743 697 2778 res
714 2726 750 2778 sit
767 2725 802 2778 de
811 2726 874 2794 iure
882 2726 1033 2798 permisso·

249 2830 309 2868 runi
322 2829 362 2864 on
374 2827 441 2865 vero
456 2809 560 2880 dejure
571 2806 787 2876 probibitoruni?
798 2825 827 2860 ιι.
840 2820 864 2860 ι.
879 2818 903 2860 ι.
915 2819 940 2862 et
953 2822 977 2862 ι.

216 2898 360 2965 Quaenam
372 2910 509 2963 personae
522 2891 723 2946 nmtrimcnium
736 2893 809 2944 inii-e
817 2891 1030 2963 prohibeantur,

248 2982 395 3037 remissius.
408 2997 436 3030 ιι.
451 2991 476 3032 ι.

210 3063 507 3122 ΡιοΙιὶιιίιίσιιίιιιιιιιια
521 3051 756 3156 estpropi'nqui'tn's
767 3055 908 3124 graduum.
921 3073 950 3108 ri.
966 3066 991 3108 ιι

211 3152 257 3204 De
268 3148 474 3247 probibiticne'
462 3148 564 3200 intuitu
575 3144 658 3214 pri'mi
656 3143 779 3214 'graduis
794 3159 822 3194 ιι.
835 3151 859 3192 ι.

211 3234 321 3290 Jure
294 3253 343 3289 siu·
357 3233 430 3288 inter
441 3229 615 3284 ociloteroies
628 3245 685 3282 uon
701 3225 784 3280 datar
798 3223 900 3294 primus
915 3218 1028 3291 putus.

209 3407 285 3460 Bene
298 3416 390 3460 tomen
397 3403 465 3478 jure
478 3399 621 3455 musaico·
634 3416 660 3448 ιι.
675 3408 717 3451 ιι.

211 3493 265 3546 ,lus
273 3490 440 3545 canonicum
453 3505 537 3541 unrirn
549 3485 646 3538 saltem
658 3485 729 3536 taius
741 3487 928 3550 computat-'ri
945 3484 986 3530 ιι.

213 3581 358 3644 Quaenam
372 3571 540 3644 computatio
560 3566 642 3622 atteri
656 3562 859 3638 praestruendo,
880 3559 1041 3616 remissius·

248 3675 275 3712 n.
293 3669 334 3712 tt.

208 3743 381 3810 computatio
399 3737 531 3794 canonico
549 3737 579 3790 in
598 3737 689 3790 causis
714 3729 969 3786 matrimonialibus
986 3737 1028 3783 ot·

244 3823 367 3880 tenditur
383 3823 468 3878 eti'nni
482 3823 555 3876 iuter
570 3823 804 3876 revestiarium.
822 3826 861 3870 ιι.

209 3913 274 3966 Non
283 3908 433 3977 probibitio
447 3904 595 3962 canonica.
611 3923 639 3954 n.
657 3913 698 3956 ιι.

206 4001 241 4052 In
256 3993 475 4049 successionibus
486 4003 533 4046 etc.
543 3991 711 4059 computatio
728 3984 821 4042 ciuilis
837 3986 918 4038 etiiim
930 3983 959 4037 i'n
972 3991 1028 4037 ter·

242 4079 283 4133 ris
294 4078 425 4134 ecciesiae
443 4078 619 4131 observatur.
630 4093 648 4127 ri
675 4087 716 4126 ιι.

211 4171 331 4237 Quinam
340 4165 423 4234 primi
431 4166 532 4233 prodas
541 4164 655 4215 nomine
666 4161 717 4214 tior
728 4173 795 4214 casu
802 4155 933 4212 veniant?
942 4173 969 4208 ιι.
985 4163 1026 4207 ιι.

209 4256 286 4306 Inter
294 4265 430 4319 personas
439 4246 523 4319 primi
528 4245 631 4318 gradus
638 4243 777 4300 connubia
783 4238 927 4312 probibita.
940 4257 968 4292 ιι.
984 4248 1026 4292 ιι.

208 4341 289 4392 Inter
306 4333 483 4390 mundemus
499 4343 526 4384 ιι
543 4330 733 4385 descendentes
745 4319 972 4380 matrimonist'i'n
982 4321 1026 4376 i'n·

240 4420 352 4491 finitum
361 4419 510 4486 prohibita.
523 4437 552 4472 n.
569 4428 609 4470 ιι.

208 4508 301 4562 Adam
314 4503 395 4559 bodie
405 4521 461 4558 non
471 4511 563 4572 postet
574 4501 671 4557 discere
682 4515 798 4556 asserem
805 4506 916 4566 praeter
924 4494 1026 4548 Euam,

244 4609 271 4644 n.
289 4603 329 4644 ts.

205 4681 289 4734 Di'cto
299 4674 447 4748 probibitio
460 4677 543 4730 etiiim
556 4669 790 4740 obtinetinpri'mc
800 4665 948 4738 affinitatis
959 4679 1025 4734 gra·

243 4763 289 4817 ctu,
304 4779 332 4814 ιι.
348 4771 389 4816 ιι).

209 4847 278 4902 Jure
289 4843 362 4899 civiti
372 4865 429 4899 non
440 4846 540 4900 dantur
549 4840 652 4912 protus
664 4835 824 4910 affinitatis.
835 4854 864 4886 ιι.
880 4843 923 4889 it·

1085 2391 1163 2442 inter
1179 2387 1281 2460 sustinet
1296 2385 1378 2457 primi
1386 2387 1488 2458 prodas
1501 2384 1705 2442 matrimonium
1715 2385 1896 2458 prohibitum..

1122 2492 1151 2524 ιι.
1164 2484 1208 2527 ιι.

1087 2557 1153 2610 Non
1164 2567 1256 2610 tomen
1268 2565 1391 2627 spectant
1402 2554 1454 2610 buc
1465 2554 1647 2626 eompriaigni.
1661 2572 1690 2608 n.
1703 2567 1746 2610 ιι.

1084 2640 1113 2692 A
1127 2639 1318 2712 compriaipnir
1333 2637 1465 2710 diffirriut
1477 2640 1663 2695 uniioteroies.
1676 2658 1705 2692 ιι.
1720 2650 1760 2694 ιι.

1083 2727 1158 2778 Inter
1167 2723 1363 2795 comprivi'gnos
1370 2743 1455 2796 neque
1466 2721 1596 2797 qsjini'tar
1608 2743 1695 2797 neque
1706 2726 1900 2798 consanguini-

1118 2817 1166 2862 tas.
1181 2829 1210 2862 ιι.
1224 2819 1265 2863 ιι.

1084 2895 1162 2950 inter
1171 2903 1304 2962 cognatos
1316 2891 1410 2946 mariti
1420 2903 1445 2946 et
1457 2893 1555 2946 usseris
1568 2892 1645 2948 nulio
1656 2893 1790 2967 ethini'tus.
1804 2914 1831 2948 ιι.
1846 2909 1888 2951 ιι.

1083 2977 1161 3030 ln'ter
1179 2978 1308 3032 maritum
1322 2987 1348 3031 et
1360 2993 1476 3032 uicorem
1490 2977 1565 3030 uuila
1575 2976 1709 3048 offinitas.
1721 2997 1747 3030 ιι.
1763 2989 1805 3032 ιι.

1082 3063 1131 3114 An
1145 3060 1431 3131 interaomprivipnos
1437 3056 1502 3125 iure
1511 3058 1607 3112 divino
1618 3061 1826 3131 probibi'iumsit
1839 3078 1898 3116 ma·

1116 3144 1296 3200 trimcni'um?
1308 3162 1336 3196 ιι.
1351 3155 1393 3196 ιι.

1080 3224 1847 3300 Deprimcgraduintui'tusirccessioni‘sinseriusagetur.ii.
1857 3243 1898 3286 ιι.

1085 3311 1232 3383 Qriodnom
1242 3311 1278 3364 sit
1287 3313 1407 3383 primum
1417 3310 1567 3383 affinitatis
1573 3313 1684 3384 genus?
1694 3331 1720 3368 u.
1738 3325 1780 3366 ιι.

1084 3397 1205 3453 Ulterius
1217 3397 1269 3450 lios
1282 3395 1445 3464 impiicatur.
1459 3413 1488 3448 ιι.
1499 3406 1542 3446 ιι.

1081 3482 1126 3536 De
1142 3481 1202 3552 jar.
1220 3495 1322 3536 conon.
1347 3481 1430 3534 octies
1447 3481 1655 3536 matrimonium
1682 3481 1813 3538 reiterare
1829 3483 1899 3540 iicet.

1115 3583 1144 3618 ιι.
1159 3576 1200 3620 ιι.

1081 3647 1250 3718 Exemplum
1263 3647 1385 3704 natabile
1403 3647 1542 3720 decoqui
1558 3647 1661 3706 mutia
1679 3665 1781 3704 unum
1800 3650 1896 3706 iiobai't.

1116 3750 1143 3784 77.
1159 3741 1199 3784 ιιι.
1304 3783 1306 3792 .

1080 3816 1164 3886 Apud
1184 3813 1372 3869 diosaboui'tas
1389 3820 1490 3886 quarta
1507 3821 1614 3866 tantam
1625 3815 1681 3868 vice
1693 3814 1894 3870 matrimonium

1114 3896 1276 3956 reiterabiie.
1288 3918 1316 3953 n.
1328 3908 1372 3952 ιι.

1078 3987 1244 4054 Eupiicotar
1252 3985 1398 4040 secundum
1406 3985 1638 4054 etterti‘iimgsnus
1644 3982 1797 4056 affinitatis
1811 4004 1837 4036 ii
1850 3996 1895 4038 ιι.

1081 4075 1306 4140 Quartumgenus
1314 4067 1525 4141 affinitatisjur·
1536 4083 1635 4122 conon.
1643 4085 1700 4122 non
1713 4068 1801 4124 datur.
1810 4087 1837 4120 n.
1851 4081 1893 4123 ts.

1076 4160 1176 4210 Posset
1187 4153 1361 4226 tamenfinpi
1371 4153 1420 4208 seri
1427 4162 1535 4218 piueter
1548 4153 1742 4208 necessitatem.
1755 4171 1783 4206 ιι.
1798 4164 1839 4219 ιι.

1078 4237 1235 4292 Diversitos
1246 4239 1312 4292 boec
1321 4253 1452 4305 generum
1465 4233 1496 4288 iri
1506 4235 1722 4292 successionibus
1737 4237 1822 4308 piane
1833 4255 1890 4293 non

1116 4303 1274 4377 adiutum.
1285 4339 1315 4374 ιι.
1330 4333 1372 4374 ιι.

1078 4405 1219 4476 Affinium
1232 4404 1306 4460 enirn
1318 4405 1396 4460 mtto
1407 4403 1546 4460 sriccmsio.
1561 4425 1589 4458 ιι.
1602 4414 1645 4458 ιι.

1080 4495 1156 4560 Quae
1168 4493 1297 4546 bactensis
1307 4491 1381 4544 dicta
1388 4528 1397 4557 ,
1412 4486 1589 4559 intelligenda
1600 4498 1665 4543 sitiit
1678 4489 1810 4560 deprimo
1825 4493 1890 4564 affi-

1112 4573 1208 4628 nitatis
1218 4589 1323 4644 genere.
1339 4593 1367 4628 ιι.
1381 4583 1423 4626 ιι.

1079 4657 1186 4727 (sinist
1196 4657 1257 4730 puis
1268 4669 1367 4714 contro
1377 4655 1574 4728 prohibitiones
1586 4655 1674 4717 dictas
1682 4659 1889 4714 matrimonium

1112 4743 1197 4796 ineat.
1209 4759 1238 4794 n.
1252 4750 1293 4794 ts.

1076 4825 1145 4880 iliae
1159 4827 1269 4898 nuptiae
1279 4824 1427 4880 dicuntur
1415 4835 1541 4880 incestae
1554 4843 1581 4878 ιι.
1597 4833 1640 4882 ιιι

208 4931 261 4984 Jus
279 4941 370 4984 tumen
387 4947 450 4983 can.
466 4927 548 4984 etiam
572 4925 602 4979 in
627 4923 769 4995 affinitate
786 4919 887 4992 pradia
905 4918 1023 4976 odinve-
1073 4914 1108 4966 In
1126 4922 1212 4965 ronst.
1229 4912 1306 4966 erim.
1299 4930 1414 4984 .poena
1430 4913 1490 4984 ejus
1500 4927 1558 4966 nori
1574 4927 1696 4978 expresse
1713 4909 1891 4984 definitased

244 5017 286 5067 nit
297 5016 327 5069 iri
338 5017 426 5083 primo
438 5029 629 5086 ragenerum
643 5022 685 5062 ιι.

208 5099 371 5154 insecundo
384 5109 413 5153 et
423 5098 502 5153 tertio
516 5095 667 5170 affinitatis
678 5109 777 5166 genere
790 5089 868 5146 uuiti
885 5089 1023 5161 graduum

248 5183 454 5238 tutaturi-atio.
468 5202 496 5235 ri.
513 5191 555 5237 ιι.

208 5265 271 5322 Nisi
283 5267 371 5320 obstet
382 5275 514 5336 respectat
523 5261 694 5334 parentelae·
707 5279 735 5314 n.
751 5265 793 5313 ιι.

210 5355 280 5426 Ejus
297 5354 457 5422 exemplum.
478 5371 505 5404 ιι.
526 5361 569 5402 ιι.

211 5439 370 5505 iiespeetum
381 5437 556 5504 parentelae,
568 5431 652 5487 etiam
672 5431 701 5485 in
719 5432 799 5485 tertio
813 5427 964 5502 affinitatis
976 5445 1023 5498 ps·

244 5535 307 5574 nere
318 5516 513 5573 attendendum
523 5517 618 5572 sciunt
631 5511 724 5584 oiipiii‘.
735 5531 764 5568 ιι.
778 5522 822 5566 ιι.

207 5604 313 5672 Regiiia
329 5602 429 5656 intuitu
440 5599 576 5672 graduum
586 5597 735 5671 affinitatis
746 5600 915 5668 proponitur.
928 5616 955 5650 ιι.
969 5607 1011 5650 ιι.

207 5687 303 5746 Primi
310 5684 412 5758 gradus
424 5683 526 5760 affines
539 5694 745 5742 enumerantur.
759 5703 787 5746 ιι.
804 5695 846 5737 ιι.

1110 4995 1169 5048 iius
1183 4998 1237 5050 eiu.
1248 5004 1276 5050 et
1287 4994 1400 5052 arbitrio
1415 4993 1459 5050 td.
1470 4994 1645 5066 relinquitur.
1658 5013 1687 5047 n.
1701 5007 1744 5050 ιιι.

1074 5078 1218 5134 Incestui'
1206 5097 1236 5132 iri
1248 5078 1485 5148 consanguinitate
1499 5078 1616 5149 pravius
1630 5081 1745 5150 punitur
1756 5098 1839 5154 pacm
1859 5079 1888 5134 in

1109 5163 1256 5238 minucie.
1267 5181 1296 5218 ιι.
1308 5174 1350 5218 ιι.

1075 5253 1196 5308 Incestus
1205 5266 1300 5319 poeno
1312 5249 1342 5306 in
1353 5251 1430 5306 tineo
1442 5261 1519 5308 remo
1532 5259 1573 5306 rit
1580 5267 1674 5322 poena
1686 5251 1792 5322 capitii.
1807 5270 1832 5305 n.
1847 5263 1889 5304 si.

1076 5335 1115 5388 Ei
1125 5331 1233 5404 quiden
1244 5333 1338 5405 giutid.
1351 5353 1378 5386 ιι.
1394 5345 1436 5388 ιι.

1075 5417 1317 5488 Acestensium
1329 5415 1512 5488 respondetur·
1523 5437 1552 5474 n.
1566 5429 1611 5475 tt.

1076 5507 1196 5560 Incestus
1208 5501 1458 5558 iritercciioteroies
1470 5504 1554 5557 etiam
1567 5502 1658 5560 mi'ti'm
1667 5504 1790 5576 punitur.
1805 5523 1833 5558 n.
1848 5519 1889 5560 ιι.

1077 5585 1263 5658 Distinguitur
1279 5594 1390 5652 tamen,
1408 5601 1446 5640 an
1462 5585 1565 5644 solutus
1582 5606 1621 5647 cn
1641 5605 1704 5646 aero
1729 5590 1890 5662 conjugatas

1112 5671 1244 5728 incestum
1254 5675 1416 5728 committat.
1430 5689 1456 5726 ιι.
1469 5683 1500 5730 ιι
