4418 6266
445 189 479 244 85

320 287 350 339 3ι
389 280 427 338 lia
439 201 548 340 faciunt
560 293 622 338 ante
636 297 787 338 accessum.
805 277 864 336 ttae
882 283 970 348 valet,
990 282 1064 349 quod
1082 282 1150 333 atim
1169 279 1203 332 ale

987 183 1179 245 n1srtttsr.
1199 183 1274 240 111.
1294 183 1414 248 catur
1432 187 1467 244 V.

1962 183 2009 238 iio

1253 291 1323 336 stam
1337 286 1405 354 tegis
1418 290 1621 354 contemptum,
1632 297 1724 353 neque
1736 281 1844 336 virtutis
1857 297 1962 349 amore,
1978 299 2052 352 nequa

388 365 614 436 imperatoribus,
635 366 753 420 diversis
777 369 861 430 locis,
881 382 932 432 pro
953 366 1084 417 varietata
1102 373 1207 433 tempo-
1254 365 1536 434 poenaeiormidiue,
1550 365 2051 420 malisvolantabstinere.Posterioris
2075 381 2096 442 g,

388 465 450 502 ruan
467 465 553 500 novas
575 448 734 501 residentiam
758 447 922 516 eligentibus
946 444 1119 498 circumferri
1139 446 1205 496 soli·

318 536 353 586 32
386 540 444 584 tuan
463 531 525 583 fuit.
543 533 595 586 Udi
613 533 776 600 imperator,
795 532 834 584 ibi
851 526 1091 594 roma,Leh1aan.
1109 528 1204 585 chana.

386 618 454 684 spir.
468 617 488 668 f.
502 630 529 666 a.
543 634 567 668 e.
586 617 626 671 18.
640 633 703 668 cum
716 615 770 667 hoe
781 624 838 666 tum
851 613 961 664 aternum
974 612 1110 676 obtineat,
1130 613 1152 663 si
1173 613 1205 662 li·

387 699 471 766 quido
485 711 604 766 constet,
619 703 772 770 principem
786 699 839 750 hoe
854 699 898 752 vel
911 697 960 748 illo
974 698 1053 760 loco,
1068 698 1111 748 rel
1133 707 1205 750 utro-

387 799 441 850 que
452 785 551 850 simul,
566 787 741 838 residentiam
752 794 918 835 corastatnere
935 783 1016 832 velle.
1036 781 1136 846 Secus,
1157 781 1203 834 ubi

386 869 439 916 tale
452 868 518 932 quid
531 883 585 916 uon
599 881 731 937 apparet,
745 869 802 918 sola
817 867 953 935 principis
966 866 1118 934 praesentia
1138 869 1205 918 resi·

388 949 507 1000 dentiam
520 967 575 1000 non
588 955 743 1014 consntuit,
755 950 803 1002 sed
819 951 912 1014 curia,
923 949 1023 1016 Myler·
1037 948 1087 1000 cit.
1100 949 1120 999 f.
1134 949 1203 1000 etli-

316 1029 350 1083 33
385 1033 467 1102 quida
486 1037 621 1105 principis
641 1038 781 1090 voluutass
798 1050 848 1084 nee
867 1032 1067 1084 inviolabilitas
1086 1032 1202 1084 ulterius

385 1119 494 1170 extendi
508 1131 617 1189 potest,
636 1137 717 1188 quarn
730 1129 863 1186 quatenus
882 1117 1010 1186 princeps
1031 1125 1055 1166 et
1076 1115 1159 1165 fuerit
1176 1124 1204 1166 et

383 1206 512 1256 manserit
537 1209 720 1275 corporaliter
740 1219 881 1274 praesensa
902 1220 952 1271 per
967 1201 1092 1270 saperius
1116 1202 1199 1268 atter.

379 1287 463 1358 jura,
476 1290 530 1340 nisi
544 1307 606 1340 cum
620 1293 737 1340 maxima
754 1287 922 1339 absurditate
939 1285 1000 1350 quis
1018 1293 1137 1334 statuere
1156 1300 1201 1333 ve·

385 1373 430 1436 lit,
443 1376 533 1425 omnia
543 1377 616 1438 loca,
630 1371 730 1440 quibus
739 1373 867 1440 princeps
880 1369 965 1418 semel
979 1369 1114 1417 iterumve
1123 1381 1201 1434 prae-

382 1472 444 1506 sens
454 1466 509 1522 est,
521 1457 568 1508 tali
580 1457 728 1506 sanctitatis
737 1454 884 1524 privilegio
898 1450 1006 1500 donari.
1021 1445 1200 1499 Parumenim

1255 467 1321 503 vero
1336 452 1420 518 ratio,
1434 460 1543 519 praeter
1555 467 1602 514 ee,
1616 465 1686 517 quac
1699 453 1753 516 jam
1766 449 1838 502 dicta
1856 458 1930 508 suut,
1948 450 2053 504 eombtit

1254 537 1282 587 in
1294 537 1409 606 injuria,
1428 554 1480 604 qua
1500 551 1629 606 praeseus
1648 533 1762 587 affectus
1781 549 1840 586 esse
1858 532 1967 585 elicitur.
1983 531 2052 600 Equi·

1254 619 1332 685 dem,
1345 622 1488 690 utriusque
1502 620 1601 672 recitas
1615 622 1642 671 in
1655 618 1783 672 omnibus
1797 619 1904 672 delictis
1915 633 1946 670 se
1958 622 2053 682 exserite

1255 703 1358 756 ratione
1375 706 1534 770 posterioris
1553 713 1641 756 lamen
1656 705 1758 774 partis,
1778 705 1947 772 potissimum
1960 705 1986 754 ic
1997 706 2054 772 iuju·

1255 787 1311 838 riis.
1324 787 1354 838 Et
1370 799 1398 838 ut
1410 809 1423 836 a
1436 786 1515 842 furtis
1528 789 1685 853 ordiamur,
1701 789 1810 840 videtur
1826 787 1894 839 illud
1903 789 2054 855 primafrou-

1253 879 1279 922 te
1293 869 1434 922 hominnm
1455 874 1635 940 praesentiam
1656 887 1711 922 non
1729 872 1881 924 admittere.
1900 873 2057 942 Regulariter

2076 535 2097 598 n

2128 687 2130 738 l

2078 785 2097 848 ll

1254 955 1326 1005 enim
1339 973 1418 1007 omne
1431 954 1533 1006 furtum
1547 975 1561 1004 a
1575 955 1660 1006 fuero
1672 955 1792 1020 dicitur,
1805 955 1879 1022 quod
1890 958 1961 1006 elam
1975 957 2056 1010 absen-
2128 1007 2129 1028 ,

1253 1037 1323 1091 tibus
1335 1049 1360 1092 et
1374 1039 1485 1092 remotis
1498 1038 1626 1102 testibus,
1641 1049 1722 1090 noete
1734 1039 1899 1108 plerumque
1917 1040 1976 1107 liat,
1993 1039 2017 1113 5.
2033 1059 2056 1099 a.

1251 1132 1278 1172 et
1289 1121 1327 1172 a't.
1341 1119 1525 1190 flarpprechl·
1536 1123 1602 1176 inst.
1614 1121 1647 1174 de
1658 1123 1713 1173 oa'f.
1726 1140 1797 1192 pune
1816 1140 1852 1176 eae
1869 1124 1926 1176 det.
1944 1124 2016 1191 juxta
2030 1126 2057 1176 il·
2129 1187 2130 1192 ¹

1253 1203 1315 1254 lud:
1330 1205 1376 1273 qui
1392 1206 1462 1256 male
1474 1206 1545 1272 agit,
1559 1204 1615 1256 odit
1633 1206 1720 1257 lucem
1730 1243 1738 1268 ,
1750 1224 1773 1258 e.
1787 1206 1832 1270 24.
1846 1209 1883 1262 Χ.
1897 1207 1932 1260 de
1944 1209 2013 1279 offic·
2023 1211 2057 1264 de·

1252 1287 1305 1356 lag.
1331 1288 1405 1339 Hinc
1431 1296 1538 1339 noctem
1563 1287 1672 1338 furibus
1691 1289 1805 1342 amicam
1824 1287 2058 1348 disterianae

1250 1370 1380 1424 Marcell.
1397 1369 1538 1439 Palingen.
1551 1374 1571 1425 l.
1586 1372 1613 1422 8.
1626 1384 1647 1426 t.
1660 1373 1686 1437 4.

1304 1489 1433 1558 attestans
1446 1489 1666 1560 eticmfiaca'nnt,
1680 1511 1825 1564 omnaque
1837 1495 1954 1548 scelesti.

2128 1064 2130 1150 l

382 1539 485 1604 aberit,
498 1541 564 1608 quia
578 1540 672 1590 nullus
685 1541 763 1589 locas
777 1550 952 1588 remansurus
966 1533 1000 1584 sit
1013 1533 1145 1601 privatus.

313 1615 346 1683 ³4
419 1626 474 1677 Sed
487 1627 636 1694 quaeritur,
646 1639 789 1692 quousque
800 1638 828 1672 se
837 1619 971 1691 principis
985 1615 1108 1667 extendat
1122 1631 1201 1683 prae-

382 1711 484 1772 sentia,
499 1710 604 1760 ratione
617 1703 852 1759 inviolabilitatisi
863 1703 1021 1756 Etbreviter
1030 1698 1200 1749 banceaten·

338 1791 342 1798 '
383 1790 471 1844 dimus
495 1791 528 1842 ad
550 1793 679 1862 palatium
706 1801 731 1842 et
752 1801 835 1843 totam
853 1804 959 1854 arcem,
980 1794 1009 1836 ut
1028 1786 1106 1836 caiam
1127 1799 1200 1834 com-

383 1859 566 1946 prehenditur
582 1893 645 1928 area
665 1885 690 1928 ct
707 1879 820 1940 atrium,
843 1874 896 1926 den
918 1883 1038 1940 gantcen
1065 1869 1203 1937 Hay‘nnd

382 1963 608 2026 defuisse-Picta,
630 1962 669 2020 aie
687 1959 759 2014 euch
771 1957 820 2011 cfa'e
836 1957 1064 2022 Cirenmfierente,
1083 1971 1115 2007 so
1131 1955 1202 2010 daca

310 2031 343 2086 35
377 2048 498 2116 generet.
512 2047 563 2098 Cui
575 2062 631 2096 nou
643 2045 745 2108 obstat,
759 2041 833 2112 quod
846 2043 937 2093 mitius
947 2039 1095 2106 aliquando
1108 2050 1200 2108 agatur

381 2145 444 2180 eum
463 2130 575 2200 iis,qui
590 2128 780 2182 inconfrnibus
800 2127 912 2196 palatii,
933 2124 977 2175 ael
997 2124 1025 2172 in
1047 2125 1107 2190 ipso
1128 2125 1199 2174 arcis

381 2213 520 2281 ingressu,
536 2215 640 2272 verder
657 2213 769 2277 tracte,
784 2211 900 2268 academ
919 2210 1064 2276 Sclalosse,
1083 2209 1200 2259 alterum

381 2301 591 2364 provocaverit,
607 2300 652 2352 vel
665 2313 728 2350 ense
742 2295 823 2348 fuerit
836 2294 958 2359 adortus,
969 2293 1071 2360 lllylcr.
1083 2293 1133 2344 cit·
1147 2292 1198 2344 loe.

312 2367 345 2419 36
380 2399 409 2432 n.
423 2399 450 2452 9.
465 2394 490 2434 et
504 2379 570 2434 ibid.
583 2383 669 2450 alleg.
684 2379 833 2448 Bnrgensis
844 2394 964 2447 nauaque
982 2392 1035 2444 pax
1054 2373 1087 2425 ad
1107 2375 1197 2442 ipsum

380 2462 499 2534 burgum
513 2483 562 2518 seu
574 2482 666 2517 arcem
681 2475 719 2518 est
733 2463 935 2532 restringenda,
953 2460 1078 2528 Kylling.
1091 2459 1124 2512 de
1142 2459 1199 2510 Gn·

381 2553 458 2602 neria·
476 2551 568 2604 Castr.
583 2550 653 2603 disc.
669 2549 695 2600 3.
708 2569 738 2602 n.
760 2549 806 2612 48,
825 2564 957 2616 quorsum
975 2543 1119 2596 referenda
1137 2554 1199 2598 snut

381 2635 581 2702 praejudiciale
600 2633 696 2705 Carpe.
713 2653 795 2704 praa.
810 2634 889 2687 cmm.
910 2640 1017 2703 quaest.
1039 2630 1083 2694 40.
1102 2648 1133 2683 n.
1151 2630 1195 2684 33.

381 2718 498 2787 allegata
511 2734 562 2770 nee
575 2720 646 2771 ultra
659 2722 720 2771 loca
735 2719 845 2788 palatiis
859 2717 950 2768 vicina
964 2716 1021 2766 sine
1033 2717 1102 2781 justa
1116 2732 1196 2767 causa

1306 1572 1428 1626 Oderunt
1437 1575 1542 1636 lucent,
1555 1587 1582 1626 et
1593 1577 1710 1628 tenebris
1717 1578 1870 1630 'faetantur
1878 1578 1982 1644 opacis·

1308 1654 1343 1706 Ut
1354 1669 1406 1709 seia
1419 1673 1474 1706 non
1483 1657 1592 1722 possint
1594 1656 1678 1727 fiarta
1691 1673 1718 1712 et
1730 1659 1880 1730 analafiacta
1891 1657 1991 1716 rideri.

1249 1778 1414 1851 Enimvero,
1437 1784 1557 1840 obtinuit
1580 1798 1667 1841 tamea
1691 1792 1755 1860 jure
1781 1792 1871 1860 legum
1892 1809 2054 1850 romanamet

1251 1865 1324 1916 alind
1344 1868 1433 1921 adhuc
1457 1869 1577 1938 furtum,
1601 1874 1675 1942 quod
1694 1893 1709 1925 a
1730 1877 1882 1944 praesentia
1899 1879 2055 1934 masticata·

1251 1949 1368 2016 dicitnr,
1380 1953 1453 2005 unde
1468 1953 1513 2007 fur
1526 1958 1685 2010 manifestus
1699 1959 1749 2009 ilie
1762 1970 1818 2026 est,
1831 1962 1879 2030 qui
1894 1965 1942 2014 vel
1954 1985 1968 2016 a
1982 1965 2055 2018 doni·

1251 2051 1287 2084 no
1308 2035 1352 2088 rel
1371 2036 1405 2088 ab
1429 2040 1492 2090 aliis
1512 2043 1611 2094 ricinis
1631 2059 1693 2094 cum
1714 2042 1796 2096 rebus
1813 2043 1925 2099 furtivis
1941 2065 2055 2118 praesens

1252 2120 1478 2191 deprehenditur,
1494 2135 1520 2178 et
1532 2129 1695 2179 acclamatus
1708 2132 1894 2198 conspicitur,
1909 2149 1957 2184 seu
1969 2134 2055 2202 inipso

1250 2217 1311 2258 sctn
1323 2205 1448 2274 furandi,
1461 2225 1510 2260 seu
1524 2211 1550 2260 in
1561 2212 1623 2263 loeo
1632 2212 1693 2265 faeti
1702 2212 1777 2280 furti,
1786 2231 1834 2266 seu
1846 2216 1874 2266 in
1887 2216 2054 2284 loeoquodata

1250 2291 1425 2358 intermedio,
1438 2292 1586 2346 dummodo
1600 2296 1627 2348 id
1640 2297 1701 2361 liat,
1712 2308 1854 2368 antequam
1863 2300 1897 2352 ad
1907 2318 1968 2352 enm
1977 2304 2053 2354 focan

1249 2377 1423 2444 pervenerit,
1436 2391 1489 2443 qao
1505 2395 1566 2430 cum
1579 2379 1653 2432 furto
1665 2381 1759 2434 eadem
1772 2383 1818 2434 die
1829 2399 1942 2438 manere
1954 2385 2053 2438 destina

1250 2459 1379 2531 verat‚5.
1394 2459 1419 2510 5.
1429 2458 1456 2529 j.
1469 2461 1568 2517 decli·
1587 2483 1658 2533 quae
1671 2486 1707 2520 ea:
1726 2463 1784 2519 def.
1804 2483 1887 2524 nasc-
1908 2470 1930 2521 Ι.
1950 2468 1975 2522 3.
1993 2469 2015 2532 4.
2032 2485 2052 2538 5.

1246 2540 1358 2615 desert.
1372 2541 1466 2598 hiber.
1480 2545 1510 2599 in
1523 2547 1543 2599 1.
1554 2547 1619 2616 star.
1638 2550 1742 2620 mcnifi
1751 2549 1792 2620 ff·
1810 2550 1843 2604 de
1851 2551 1931 2622 sart.
1948 2552 2052 2623 Rsrppr.

1283 2719 1357 2770 Huic
1370 2719 1472 2774 furtum
1486 2737 1536 2774 nce
1555 2715 1727 2772 manifestum
1746 2719 1916 2789 opponitur,
1937 2715 2055 2789 quodfer
2077 2708 2099 2774 ii

380 2805 514 2856 securitas
526 2801 595 2854 baec
607 2813 643 2857 cst
660 2802 830 2856 exteaadcnda
844 2821 850 2862 ;
862 2811 901 2854 uta
916 2816 949 2850 es
964 2799 1092 2852 Claassan.
1111 2798 1196 2854 refert

328 2893 341 2910 '
379 2887 497 2956 flering.
510 2889 616 2957 dejure
634 2889 755 2955 Burgor.
773 2909 801 2943 n.
824 2887 885 2958 524·
900 2887 981 2941 Unde
1002 2887 1115 2937 ulterius
1134 2903 1195 2938 eum

378 2973 454 3042 pacis
467 2973 609 3040 burgensis
623 2989 711 3042 poena
724 2973 843 3025 liberum
856 2970 1087 3042 pronunciamus,
1098 2973 1145 3038 qni
1166 2973 1195 3022 iu

381 3055 482 3122 palatio
500 3056 605 3120 laesus,
624 3059 688 3109 loco
706 3059 847 3112 remotiori
872 3060 935 3112 scil.
959 3056 1042 3122 urbe,
1058 3057 1195 3126 oppidulo

379 3141 425 3190 vel
445 3141 508 3192 vico
529 3143 719 3196 adversarium
737 3160 815 3194 suum
835 3143 966 3204 adortus;
983 3143 1196 3196 satisfactionem

378 3222 503 3291 petierit,
522 3224 689 3292 praecipue,
708 3227 731 3276 si
752 3226 803 3276 alia
824 3228 928 3279 ratione
954 3227 1040 3279 famae
1066 3230 1195 3297 propriae

376 3309 514 3376 nequierit
527 3309 688 3375 consulere,
700 3309 829 3377 quoniam
845 3311 920 3362 abest
933 3309 978 3362 bie
992 3313 1098 3362 animus
1117 3312 1194 3363 dolo·

377 3400 463 3444 auset
480 3393 658 3456 temerarius,
676 3395 761 3462 magis
780 3394 893 3445 tendens
911 3395 943 3446 ad
960 3395 1058 3462 justam
1078 3394 1194 3462 injuriae

377 3477 628 3548 propulsationem,
642 3493 712 3544 quae
725 3480 870 3530 terminum
883 3497 939 3530 nou
950 3481 1087 3548 agnoseit,
1107 3482 1127 3531 f.
1148 3481 1192 3544 45.

376 3557 403 3629 5.
416 3557 443 3621 4.
455 3560 493 3611 ad
505 3562 525 3611 1.
541 3560 631 3630 aquit.
646 3576 726 3626 quam
747 3561 779 3612 ad
799 3564 925 3630 injustam
946 3565 1098 3616 innocentis
1115 3564 1193 3617 inva-

308 3635 342 3686 38
378 3643 494 3690 sionem.
511 3638 627 3706 Quando
636 3658 703 3692 vero
712 3645 774 3711 quis
783 3644 809 3694 in
819 3646 882 3698 loco
891 3647 1043 3700 securitatis
1054 3649 1192 3700 lacessitus

377 3731 471 3792 postea
485 3723 513 3775 in
526 3725 733 3792 propulsatione
746 3728 982 3796 injuriaemodum
994 3731 1100 3800 legibus
1114 3749 1191 3800 prrae-

378 3809 511 3876 scriptum
529 3810 692 3873 excesserit,
705 3826 759 3860 non
772 3812 864 3864 eadem
880 3815 1039 3883 plectendus
1054 3825 1089 3868 est
1103 3833 1190 3884 poena

375 3909 427 3959 qua
440 3891 488 3943 alii
500 3893 653 3944 securitatis
668 3893 833 3960 violatores,
845 3897 944 3966 Myler.
958 3900 1004 3954 cit·
1017 3902 1037 3953 f·
1051 3918 1075 3952 e.
1096 3902 1139 3953 52.
1158 3921 1189 3956 n.

376 3975 402 4026 3.
412 3982 437 4026 et
449 3974 516 4027 ibid.
529 3976 578 4028 cit.

303 4065 337 4136 39
408 4058 463 4111 Sed
476 4056 544 4110 baec
556 4057 590 4110 de
602 4059 729 4132 principe
741 4061 872 4119 haetenus
884 4067 1192 4138 dictasingulariasunt,

374 4141 579 4212 singularijnre
597 4153 622 4196 et
641 4148 806 4217 privilegio,
825 4153 986 4204 necessitate
1010 4151 1124 4220 quadam
1150 4149 1190 4200 in-

373 4227 515 4294 troducta,
535 4229 571 4281 ob
589 4246 720 4284 summam
746 4233 910 4302 majestatem
934 4244 960 4286 et
984 4233 1189 4298 characterem,

372 4327 453 4378 quem
462 4311 591 4384 princeps
606 4314 701 4382 habet,
715 4326 740 4370 et
751 4319 854 4386 jugiter
865 4333 956 4370 secum
970 4315 1192 4380 circuiufeat,in·

372 4397 528 4452 delebilern.
542 4399 573 4450 ln
588 4401 701 4470 reliquis
714 4412 802 4455 autem
817 4402 956 4471 personis,
971 4402 1035 4469 quia
1045 4400 1091 4452 illa
1104 4399 1192 4467 digni·

370 4493 409 4534 tas
421 4498 521 4551 cessat,
538 4483 611 4538 haud
626 4488 720 4538 eadem
732 4487 885 4542 severitatis
900 4503 1001 4557 poena,
1014 4486 1077 4537 talia
1092 4481 1191 4535 debent

372 4571 523 4624 observari.
539 4571 709 4641 Quamquam
722 4571 778 4624 boe
798 4571 963 4640 generaliter
981 4570 1093 4638 regulae
1111 4567 1192 4633 loco,

372 4655 508 4722 praemitti
522 4672 616 4723 posse,
629 4673 682 4706 non
698 4655 861 4722 dubitemus.
880 4655 982 4708 Omnia
995 4653 1114 4717 deficta,
1128 4650 1192 4708 cini·

374 4739 413 4794 tic
424 4775 431 4805 ,
441 4757 489 4792 sen
497 4739 610 4807 privata
621 4757 668 4794 seu
679 4740 806 4810 publica,
826 4756 899 4809 quae
917 4735 1078 4788 naturalem
1096 4733 1146 4785 snb
1164 4749 1192 4785 se

371 4827 513 4877 continent
524 4835 554 4875 tu
566 4823 720 4891 piendinean
730 4861 738 4889 ,
749 4824 774 4877 si
785 4824 815 4874 in
825 4819 982 4892 praesentia
994 4820 1117 4875 afiorum
1125 4816 1193 4887 sae·

370 4911 428 4964 rint
437 4914 590 4976 perpetratu
600 4941 608 4969 ,
619 4923 725 4974 semper
735 4906 870 4960 deteriora
881 4905 947 4974 fieri
953 4945 963 4970 ,
973 4913 999 4956 et
1012 4902 1190 4969 indegraaio-

373 4994 449 5047 ribus
475 4990 572 5060 poenis
597 4991 749 5042 coercenda
777 5007 854 5056 esse,
881 5006 969 5056 eoque
988 4990 1113 5058 gravius,
1133 5005 1189 5055 quo

369 5091 500 5148 praesens
520 5090 635 5146 persona
653 5073 770 5128 habetur
790 5085 815 5126 et
833 5075 994 5126 honoratior
1018 5083 1043 5126 et
1068 5074 1188 5142 dignior.

373 5163 477 5214 Peioris
491 5164 560 5213 ratio
574 5175 633 5212 esse
647 5167 734 5227 potest
750 5175 774 5208 a.
790 5157 862 5226 quod
877 5167 972 5210 cuneta
986 5156 1101 5218 delicta,
1120 5173 1190 5223 quae

372 5254 399 5302 in
413 5258 561 5317 conspectu
573 5243 1041 5312 hominumapertecommittuntur,
1052 5257 1191 5309 nunquam

371 5351 424 5388 raon
442 5333 589 5403 praebeant
603 5331 665 5382 aliis
677 5329 833 5381 scandalum
853 5339 879 5383 et
897 5329 996 5380 malum
1017 5328 1173 5396 exemplam
1183 5368 1193 5392 ,
1213 5337 1219 5346 ·

370 5439 477 5490 argum.
493 5419 513 5473 f.
529 5433 555 5469 a.
569 5415 594 5488 5.
609 5413 699 5484 ²4st
713 5414 745 5467 de
757 5415 782 5469 af
799 5413 863 5466 bon.
884 5425 987 5483 raptor.
1006 5409 1080 5478 quod
1101 5411 1188 5478 palam

369 5509 560 5576 delinquentes
571 5499 769 5552 evidentiorem
780 5515 845 5567 prae
857 5513 887 5548 se
900 5492 1190 5563 ferautimpudentiarn

372 5602 395 5644 et
410 5590 505 5659 majori
519 5595 728 5658 praesumantur
742 5599 801 5636 esse
816 5581 952 5651 nequitia,
966 5580 1013 5649 qui
1029 5579 1056 5628 iu
1077 5575 1189 5650 manifs-

1247 2801 1315 2854 adeo
1328 2805 1485 2860 manifestus
1498 2806 1615 2870 nonsit,
1631 2821 1712 2873 quam
1727 2806 1753 2854 in
1768 2804 1875 2872 priori,
1893 2804 1943 2856 ubi
1962 2805 1988 2855 iu
2003 2803 2052 2870 ipso

1247 2883 1321 2937 furto
1332 2889 1408 2940 visus
1424 2899 1449 2941 et
1461 2889 1650 2960 deprehensus
1663 2897 1713 2940 est.
1726 2885 1800 2940 Licet
1814 2889 1887 2938 enim
1902 2889 1932 2940 id
1951 2896 2054 2960 postmo-

1246 2971 1309 3022 dum
1324 2975 1501 3039 confiteatur,
1520 2971 1707 3025 confessiones
1725 2982 1814 3024 tamen
1834 2987 1963 3036 reorum,
1981 2971 2014 3023 nti
2030 2972 2051 3021 ic

1246 3054 1362 3108 caeteris
1374 3054 1499 3122 delictis,
1513 3057 1549 3107 ita
1565 3066 1589 3107 et
1605 3057 1632 3106 in
1646 3054 1700 3106 boe
1712 3053 1784 3106 furto
1799 3070 1850 3123 pro
1865 3056 2012 3121 exploratis
2022 3051 2053 3104 fa·

1247 3137 1390 3188 cineribus
1409 3138 1552 3190 habendae
1569 3156 1625 3190 nou
1645 3149 1724 3202 sunt,
1751 3142 1773 3193 f.
1802 3157 1825 3190 r.
1850 3137 1875 3211 5.
1905 3157 1948 3208 ¹7·
1963 3139 1999 3210 st.
2022 3134 2051 3189 de

1246 3235 1351 3290 quaest.
1364 3222 1430 3276 Inde
1443 3227 1556 3294 gravior
1567 3240 1679 3292 qnoque
1691 3238 1776 3294 poena
1790 3224 1939 3276 constituta
1952 3233 1987 3275 est
1997 3220 2053 3272 tart

1245 3307 1295 3358 bns
1314 3308 1480 3377 manifestis,
1499 3320 1539 3373 et,
1559 3327 1622 3361 cum
1643 3327 1693 3362 nec
1713 3309 1865 3360 manifestis
1884 3309 1997 3380 duplum
2013 3323 2052 3357 ex·

1244 3393 1408 3444 solvendum
1427 3395 1476 3458 sit,
1495 3392 1526 3445 bi
1545 3395 1573 3446 in
1592 3394 1779 3463 quadruplum
1797 3394 1926 3449 damnari
1950 3393 2052 3457 debent,

1244 3477 1270 3549 5·
1289 3479 1315 3531 5.
1328 3479 1355 3550 1⁹·
1375 3481 1408 3532 de
1426 3476 1481 3530 oiri.
1500 3498 1571 3549 quae
1588 3493 1625 3532 ex
1642 3479 1697 3532 aial.
1715 3478 1755 3530 Au
1768 3489 1858 3530 autera
1878 3490 2018 3550 propterea
2028 3474 2050 3527 id

1244 3561 1344 3614 factum
1363 3563 1410 3628 sit,
1425 3561 1499 3630 quod
1514 3561 1540 3611 in
1555 3561 1691 3628 ambiguis
1707 3562 1790 3613 rebus
1803 3561 1991 3614 humaniorem
2001 3577 2050 3614 seu-

1242 3646 1351 3698 tentiam
1370 3648 1447 3714 scqui
1466 3653 1609 3713 oporteat,
1627 3645 1705 3712 juxta
1728 3645 1749 3696 t.
1771 3661 1814 3696 ao.
1828 3642 1854 3716 5.
1872 3662 1897 3696 ι.
1907 3646 1950 3716 ff
1961 3644 2048 3699 derei.

1241 3726 1308 3783 drab.
1322 3740 1398 3783 certo
1412 3727 1542 3780 affirmari
1563 3728 1668 3796 nequit.
1689 3725 1812 3779 atnamaa
1832 3729 1860 3779 id
1879 3731 2000 3800 Harppr.
2014 3742 2053 3777 ue·

1242 3823 1295 3884 gat.
1307 3813 1431 3866 Bachor.
1453 3814 1490 3866 ad
1505 3811 1532 3865 d.
1551 3809 1574 3882 5
1598 3813 1664 3864 inst.
1683 3809 1741 3862 fios
1762 3809 1936 3864 inhaeremus
1955 3811 2052 3881 regulae

1242 3908 1365 3955 nostraea
1379 3898 1477 3950 delicta
1490 3897 1607 3964 quaevis
1620 3895 1732 3962 gravius
1746 3911 1806 3945 esse
1819 3897 1979 3962 plectenda,
1992 3909 2051 3964 quae

1242 3983 1269 4031 in
1283 3981 1433 4049 praesentia
1447 3990 1471 4030 et
1483 3988 1633 4046 conspeetu
1647 3979 1766 4029 eliorum
1779 3975 1884 4033 fuerint
1901 3982 2049 4044 commissa,

1244 4079 1324 4130 quam
1338 4079 1409 4130 quae
1422 4061 1489 4114 liunt
1501 4062 1529 4111 in
1544 4062 1675 4112 obscuro,

1278 4147 1408 4214 Magnam
1422 4162 1484 4196 cuna
1506 4143 1580 4196 furto
1598 4142 1788 4211 cognationem
1806 4142 1888 4201 habet
1908 4147 2049 4216 rapina,et

1245 4229 1342 4281 eodem
1362 4229 1421 4281 fere
1438 4228 1521 4279 morlo
1541 4227 1734 4292 comanittitur,
1753 4228 1805 4280 nisi
1825 4230 1898 4297 quod
1919 4227 2048 4282 haeccon·

1244 4315 1369 4366 trectrtio
1383 4330 1446 4366 cum
1465 4312 1492 4365 vi
1512 4311 1627 4380 quadam
1647 4313 1682 4362 sit
1701 4313 1867 4380 conjuncta,
1885 4314 1938 4379 ita,
1956 4323 1983 4366 ut
1999 4313 2046 4381 ipsa

1244 4395 1307 4448 furti
1321 4409 1415 4450 natura
1428 4411 1484 4448 non
1499 4399 1656 4448 immutetur
1664 4437 1673 4462 ,
1685 4394 1732 4446 sed
1746 4408 1919 4464 aggravetur.
1934 4397 1999 4448 llice
2010 4410 2044 4446 ra·

1244 4491 1350 4550 plorem
1366 4481 1458 4532 itidem
1472 4480 1561 4533 furem
1575 4480 1710 4542 dicimus,
1722 4479 1770 4530 sed
1782 4498 1844 4532 cnm
1858 4479 2045 4548 addito,furen

1243 4563 1417 4632 improbum,
1433 4563 1538 4633 quippe
1552 4563 1599 4631 qui
1619 4560 1718 4628 maiori
1740 4563 1849 4617 audacia
1870 4565 1981 4619 domino
1997 4577 2044 4615 rm

1242 4645 1392 4712 subtraxit,
1404 4665 1447 4716 pr.
1455 4647 1480 4717 j.
1494 4645 1532 4702 de
1545 4649 1575 4702 vi
1588 4650 1652 4702 don.
1667 4664 1738 4719 rapt.
1753 4650 1816 4700 inde
1836 4648 1929 4702 eadem
1948 4662 2044 4717 quoque

1242 4748 1330 4802 poena
1350 4742 1376 4785 et
1390 4731 1483 4783 eadem
1497 4733 1569 4784 aetio
1581 4731 1646 4785 furti
1666 4742 1719 4785 tam
1738 4730 1885 4794 manifesti,
1907 4749 1985 4799 quam
2001 4744 2042 4780 nec

1242 4814 1390 4878 manifesti,
1410 4815 1539 4882 competit
1559 4814 1690 4866 adversus
1710 4827 1859 4885 raptorem,
1878 4811 1910 4866 d·
1926 4832 1970 4886 pr.
1985 4811 2041 4866 inst.

1241 4901 1274 4952 rie
1285 4901 1312 4955 ai
1323 4901 1386 4952 don.
1400 4913 1472 4967 rapt.
1486 4897 1537 4949 hac
1550 4908 1640 4950 tamen
1655 4899 1775 4952 adbibita
1788 4902 1910 4962 cautela,
1928 4906 1957 4950 ut
1971 4893 2044 4948 maui-

1242 4981 1301 5035 festi
1317 4981 1389 5032 actio
1400 4983 1540 5049 priusnon
1554 4993 1703 5052 competat,
1720 5001 1802 5052 quam
1819 4985 1842 5036 si
1861 4999 1918 5036 rem
1937 4978 2042 5050 rapuerit

1242 5068 1268 5116 in
1288 5067 1441 5134 praesentia
1456 5067 1580 5130 testium,
1594 5077 1637 5118 aut
1650 5067 1672 5117 si
1681 5085 1742 5118 eum
1753 5077 1831 5136 raptu
1840 5068 1950 5120 visuset
1961 5066 2042 5132 depre-

1242 5147 1343 5201 hensus
1354 5149 1403 5214 sit,
1416 5151 1435 5204 f.
1451 5151 1493 5201 52.
1508 5149 1535 5221 5
1537 5152 1568 5221 s
1581 5147 1694 5221 deficat·
1708 5167 1770 5202 cum
1784 5153 1844 5202 solo
1857 5150 1911 5202 hoc
1926 5166 1986 5202 casu
1997 5163 2041 5198 mv

2076 2875 2095 2943 t:

2076 3197 2097 3263 43

2075 3453 2096 3518 lt

2072 4127 2093 4177 bt

2068 4375 2087 4427 ir

2067 4623 2089 4674 ta

1241 5233 1355 5286 nifestus
1371 5234 1416 5285 fur
1430 5252 1489 5287 esse
1502 5235 1621 5298 dicatur,
1637 5237 1657 5287 l.
1672 5233 1717 5286 80.
1731 5234 1758 5308 5.
1772 5236 1797 5289 3.
1815 5234 1851 5304 ffi
1866 5233 1984 5307 defieri·
1999 5231 2041 5286 3⁸·
2128 5229 2130 5314 ,¹

1242 5317 1325 5372 ebor.
1345 5319 1378 5371 ad
1391 5319 1497 5372 Treutl.
1514 5325 1565 5379 ool.
1579 5337 1597 5371 a
1618 5322 1689 5392 disp.
1706 5323 1750 5374 30.
1764 5323 1843 5387 ι1ι.4.
1858 5323 1901 5376 lit.
1915 5340 1940 5375 c.

1276 5403 1419 5458 Caeterum
1433 5407 1599 5474 peculiarem
1613 5406 1707 5458 itidem
1718 5407 1853 5460 actionem
1862 5407 1966 5458 induxit
1978 5416 2041 5475 prat·

1241 5503 1288 5544 tor
1298 5493 1325 5542 in
1340 5503 1479 5561 raptores,
1494 5492 1680 5546 secretionem
1696 5495 1722 5546 vi
1737 5492 1802 5545 bon.
1817 5503 1886 5562 rapt.
1899 5507 1968 5562 quae
1978 5503 2039 5541 cnut·

1239 5576 1307 5647 petit
1320 5593 1408 5644 aeque
1421 5577 1482 5632 adv.
1497 5576 1670 5644 manifestos,
1684 5593 1767 5646 quam
1777 5592 1828 5648 nee
1842 5575 2040 5638 manifestos,ue

2063 5387 2084 5441 a
2128 5341 2130 5432 l
