4310 6294
424 242 488 297 tait
976 238 1164 296 utstttt'rl'r.
1180 243 1263 302 XXV·
1282 241 1399 300 CAPUT
1416 247 1449 302 X·
1946 251 2020 305 lita

371 335 411 392 uel
429 353 513 409 prope
530 338 564 395 rit
586 349 688 412 tenpus
713 335 853 410 pariendi,
873 335 963 391 Hebn.
984 338 1022 390 ad
1049 337 1178 395 Wcrcud.
1231 339 1305 394 dur?
1323 341 1401 410 Quod
1430 341 1510 396 iucile
1537 336 1709 408 affirmetur,
1733 342 1760 398 ai
1779 341 1905 400 daem
1931 343 2067 414 torq-
2098 356 2121 399 ιι

318 429 332 472 ι
368 417 871 489 tit.deutur.1curnin.n·t.verb.pro
892 422 965 476 nuris
976 423 1117 480 iubentur.
1129 421 1181 478 Sed
1233 423 1413 480 scudumsine
1430 427 1502 481 aurio
1520 427 1671 497 pontident,
1695 425 1811 495 t.fiud.
1832 441 1858 482 ι.
1880 440 1926 480 ιι.
1942 437 2028 486 ruet
2050 438 2073 478 ι.

341 503 662 576 ,quanlinparoeodun
681 505 812 576 ejusmodi
833 503 961 561 mulieri?
981 509 1181 580 Respondentur,
1221 508 1314 578 fut.
1332 505 1357 580 ξ.
1390 520 1415 560 t.
1447 509 1557 562 Schrad.
1572 527 1601 580 p.
1622 523 1648 564 ι.
1664 528 1688 564 c.
1709 523 1737 563 ι.
1751 530 1784 564 ιι.
1819 521 1867 563 ιι.
1898 509 1968 562 Q·
1995 509 2069 562 eni·
2099 519 2120 560 tt

367 590 527 658 usquedum
544 602 648 663 partum
666 591 745 644 enira
763 592 833 646 aireu
851 593 1057 663 recuperuuerit,
1076 612 1128 664 quo
1148 595 1181 646 ita
1232 589 1341 644 seudum
1360 603 1500 664 proptereu
1519 592 1625 658 babeat,
1644 604 1673 648 ιιι
1692 593 1805 648 seruitia
1823 613 1875 664 pro
1892 612 1927 647 en
1945 603 2069 664 precatu

367 685 479 740 poenum
497 676 669 743 promeritam
689 675 746 728 sinc
765 675 860 728 rnortir
888 675 1004 746 periculo
1021 687 1050 730 et
1067 678 1126 730 rinc
1144 680 1182 745 ja·
1231 675 1357 740 domino,
1375 676 1566 746 nequierimum
1584 688 1643 744 eut,
1670 686 1700 730 ut
1729 678 1826 732 endem
1851 688 1983 743 autur,
2004 677 2068 731 bn

370 763 444 808 utura
462 757 688 812 luctiuauttinere
708 759 803 829 posuit.
834 757 900 812 lude
925 761 1101 826 concludunt,
1120 771 1183 816 ante
1233 757 1341 810 cenatur
1362 759 1409 811 illo
1428 770 1563 830 tempore,
1582 778 1636 830 quo
1668 760 1796 814 dominns
1826 761 1961 830 indignit,
1980 759 2067 812 dett·
2101 763 2124 805 ll

364 838 467 909 luprnm
480 856 526 892 ccx
544 841 751 915 septimanarum
765 842 797 894 ad
811 862 914 914 poenue
925 845 1116 915 irrogationem
1128 863 1181 898 non
1230 841 1329 904 ctruit;
1344 858 1455 908 rerum,
1475 843 1497 895 ui
1519 843 1630 913 ignum
1647 841 1701 896 iate
1713 861 1774 898 cum
1788 855 1902 898 utreneo
1913 844 2001 898 fratre
2015 845 2070 898 ie»

366 939 424 978 care
446 927 655 996 properandum,
675 926 801 998 Garprou.
819 945 860 1001 pr.
877 929 985 984 crimin.
1003 950 1046 1000 qu.
1069 940 1129 982 ιιι.
1153 947 1180 982 rr.
1232 923 1294 976 dum
1315 942 1364 996 pro
1384 925 1504 979 indirico
1521 927 1678 997 possideat,
1698 925 1776 980 illum
1804 946 1855 998 per
1874 929 1956 998 lanius
1974 931 2067 982 virtu·

365 1017 497 1080 ιιιοφφ.
516 1011 567 1079 Qui
586 1027 613 1062 n.
635 1009 762 1068 tmidcm
783 1013 902 1082 apetium
930 1016 1011 1066 etium
1030 1013 1064 1066 ad
1083 1031 1181 1083 poenas
1233 1023 1415 1086 temapoena
1433 1011 1595 1086 privationi·
1615 1011 1764 1066 immunem
1784 1029 1845 1066 ecee
1858 1013 1958 1066 ducent
1987 1013 2069 1068 tutu

363 1089 492 1160 epitaleu
510 1094 645 1158 extendit,
663 1094 709 1146 ted
727 1104 833 1164 praeter
863 1096 1012 1162 rationemq
1042 1097 1091 1149 hoc
1109 1099 1181 1151 enim
1231 1097 1260 1151 in
1278 1117 1300 1153 c.
1325 1102 1417 1166 uit.
1432 1117 1461 1150 n.
1481 1108 1504 1150 t.
1518 1095 1590 1166 quib.
1603 1094 1677 1148 mod.
1688 1096 1771 1166 send.
1787 1098 1867 1150 umal.
1883 1099 1985 1150 Jaann.
2005 1095 2070 1150 iat

365 1187 426 1226 nau
445 1185 552 1244 partus,
572 1177 600 1230 in
621 1180 694 1246 cujus
713 1177 831 1248 gratiam
852 1179 1018 1251 potissimum
1038 1179 1184 1232 ditatioin·
1233 1187 1367 1254 ecuouer'p.
1386 1201 1410 1236 c.
1427 1183 1461 1237 dc
1478 1180 1573 1234 collat.
1596 1179 1675 1248 Quod
1702 1180 1830 1252 mirabile
1862 1179 1974 1234 dictum
1993 1190 2070 1233 ruent

364 1256 500 1327 dulgetur,
520 1277 614 1330 parum
634 1262 876 1332 intercscepnteut,
896 1271 984 1316 utrum
998 1263 1078 1316 citius
1093 1274 1183 1334 pereat
1232 1267 1303 1318 Pctr.
1317 1267 1405 1319 sanct.
1421 1267 1494 1334 rr'ng.
1516 1273 1558 1314 rt.
1580 1281 1609 1316 n.
1630 1273 1655 1314 ι.
1674 1263 1707 1316 Et
1724 1279 1787 1317 rere
1806 1263 1859 1316 boc
1874 1273 1916 1316 eut
1928 1262 2070 1328 mirabile

367 1350 468 1406 mater,
487 1357 547 1394 cnm
565 1345 644 1398 etium
663 1355 723 1416 poet
744 1363 791 1398 rex
810 1347 870 1400 illac
894 1348 1058 1417 reprimanau
1079 1349 1112 1400 ah
1130 1349 1181 1402 aliu
1230 1366 1279 1401 nec
1296 1349 1344 1402 ulli
1365 1349 1432 1417 jurii
1452 1346 1550 1400 rationi
1571 1344 1650 1399 iacile
1668 1357 1896 1410 consentaneum
1915 1365 1973 1401 non
1988 1349 2068 1402 enin
2101 1357 2121 1400 ιι

364 1423 468 1478 murice
486 1426 524 1478 uit
542 1426 686 1482 lactantur.
706 1429 815 1483 ttecttn
834 1444 895 1498 ergo
921 1431 968 1482 clii
988 1427 1110 1484 sufficere
1129 1443 1180 1484 uta·
1231 1431 1276 1486 bic
1296 1449 1432 1484 aeraamur
1455 1430 1484 1482 in
1514 1429 1682 1494 indiuiduis,
1707 1447 1774 1500 quue
1798 1432 1883 1484 nolent
1899 1431 1971 1482 aliae
1991 1433 2070 1500 iguo

365 1516 444 1562 tuunt
462 1519 561 1564 tantum
580 1511 767 1578 interuallum,
785 1531 838 1582 quo
850 1515 919 1568 aireu
932 1514 1056 1583 uliqucleu
1072 1531 1181 1584 recupe·
1230 1519 1288 1574 uiae
1297 1515 1497 1588 quodammodo
1515 1515 1692 1586 patrocinuri,
1711 1515 1758 1569 aed
1770 1514 1857 1568 diuidi
1871 1525 1962 1586 potent
1974 1515 2069 1568 omni»

365 1601 407 1644 ret
424 1609 552 1663 puerpera
572 1605 595 1648 et
614 1595 643 1648 in
661 1596 794 1666 publicum
814 1615 904 1650 rursus
918 1597 1025 1666 prodire
1045 1595 1137 1668 puscit.
1231 1619 1267 1654 no
1286 1602 1393 1654 lendum
1412 1617 1575 1664 commune,
1594 1616 1676 1670 querc
1702 1615 1766 1670 paru
1789 1599 1940 1652 desertoris
1972 1601 2069 1668 poti·

402 1674 513 1727 interim
532 1677 572 1728 uti
592 1687 676 1731 metue
696 1680 790 1732 rnnrtir
822 1682 877 1750 ipra
905 1692 990 1733 morte
1014 1681 1095 1750 dupio
1113 1693 1180 1734 atro-
1229 1687 1382 1741 devolvetur
1400 1684 1434 1738 ad
1453 1684 1592 1736 dominum
1611 1683 1765 1748 decertum,
1784 1685 1832 1753 qni
1853 1686 2067 1754 potesteelrb
2101 1696 2121 1736 tt

363 1759 419 1812 dot
444 1775 502 1812 0³⁸⁸
530 1761 613 1825 rotet,
637 1761 675 1813 ita
700 1781 793 1833 perum
819 1765 920 1834 qratiue
946 1765 998 1818 sibi
1028 1781 1180 1820 concessum
1230 1772 1279 1824 tiro
1300 1769 1378 1823 tratri
1398 1768 1444 1821 tati
1465 1767 1572 1822 fortiori
1590 1769 1742 1838 relinquere
1759 1779 1865 1839 partem
1885 1768 1971 1819 istam
1993 1784 2068 1820 cora-

363 1840 470 1910 putabit
486 1842 655 1914 delinquens,
673 1847 744 1916 quod
763 1847 922 1902 dilationem
943 1867 1043 1921 poenae
1060 1869 1107 1920 per
1119 1867 1178 1921 par·
1229 1853 1350 1917 misaam,
1371 1851 1410 1906 ael
1428 1861 1486 1922 pout
1503 1849 1598 1904 fratris
1616 1851 1703 1922 ignari
1722 1851 1828 1905 obituro
1850 1859 1965 1904 tenetur
1986 1850 2067 1904 reati·

363 1937 421 1980 tum
440 1927 579 1999 impetret,
598 1931 650 1983 erit
668 1930 736 1985 iorte
770 1932 819 1983 hnc
848 1934 922 1986 inter
952 1931 1096 1998 beneficia,
1114 1953 1180 2004 qnee
1231 1947 1313 2002 tuere,
1338 1935 1683 2007 crg.1·un.c.ra'lidcr.
1705 1935 1768 2008 imp.
1790 1953 1847 1990 roc.
1872 1937 1929 1988 rin.
1949 1933 2065 1989 emec

365 2009 455 2064 (ulisse
472 2013 613 2066 colemuur.
629 2015 717 2068 Multo
735 2032 796 2085 ergo
808 2019 914 2083 gratior
924 2019 977 2070 erit
988 2019 1032 2070 illa
1052 2035 1179 2088 perrona,
1230 2021 1329 2076 deccrr.
1348 2022 1402 2072 Du.
1424 2021 1542 2074 Praeter.
1557 2019 1588 2072 in
1607 2037 1701 2074 ecum.
1713 2021 1774 2094 jur.
1783 2017 1868 2089 send.
1880 2037 1906 2072 c.
1925 2029 2027 2086 teque.
2041 2030 2065 2072 ι.

362 2111 457 2164 exqua
469 2113 571 2164 poenae
589 2097 765 2153 lenimentum
784 2103 1181 2172 consequiturcriminocua,et
1230 2108 1289 2160 Hoc
1306 2105 1420 2175 quidem
1439 2097 1641 2175 largior,'quod
1661 2103 1694 2157 ad
1713 2104 1937 2158 internectionem
1956 2103 2065 2166 l'ratrir,
2100 2116 2123 2158 ιι

364 2178 408 2228 uui
423 2177 493 2231 uitae
510 2196 571 2232 runc
589 2184 814 2235 conseruationem
828 2185 904 2236 unice
917 2197 1047 2255 acceptant
1060 2184 1130 2241 ferre
1144 2195 1182 2240 te·
1229 2190 1274 2260 qui
1293 2207 1338 2242 cua
1359 2187 1528 2240 fortitudine
1546 2187 1661 2256 gratiam
1680 2185 1787 2241 donini
1807 2187 1971 2258 promeruit,
1992 2186 2072 2241 iacr'h

362 2271 444 2312 nanc.
465 2261 534 2313 Sene
547 2261 576 2312 in
589 2263 699 2317 arbitrio
710 2265 807 2332 judicia
820 2284 873 2319 non
886 2279 938 2332 eut,
959 2285 1069 2338 poenam
1090 2272 1180 2324 mitio·
1229 2272 1397 2343 ignauurillc
1415 2269 1520 2324 ueniam
1540 2270 1581 2323 uui
1601 2267 1694 2324 delicti
1709 2270 1900 2341 impetraturus
1914 2269 1995 2324 citet
2008 2269 2066 2324 ien-

365 2359 420 2394 rem
434 2359 518 2413 neque
528 2345 691 2414 asperiorem
713 2347 864 2419 imponere,
887 2351 932 2405 ced
951 2371 1028 2422 quam
1042 2356 1111 2422 leges
1125 2373 1180 2409 ma·
1228 2356 1292 2410 dnm
1309 2365 1469 2420 retenturua,
1487 2353 1535 2408 ced
1559 2365 1650 2408 tamen
1670 2371 1744 2426 rpem
1763 2365 1861 2408 certam
1879 2354 1937 2406 eibi
1958 2353 2065 2408 inem

362 2423 448 2479 leficic
466 2437 600 2495 ctutunnt,
621 2430 688 2484 hunc
712 2434 864 2486 executioni
899 2433 962 2488 dare
986 2448 1100 2502 tenetur,
1118 2439 1136 2494 l.
1158 2449 1181 2492 t.
1229 2459 1276 2507 rc,
1294 2441 1487 2510 dominumque
1511 2438 1586 2492 nullo
1603 2441 1663 2508 jure
1678 2439 1713 2492 ad
1730 2439 1760 2490 id
1779 2447 1867 2510 puteat
1884 2442 2067 2511 cumpellm

362 2517 384 2574 ς.
405 2521 431 2563 ι.
445 2509 485 2565 ad
498 2521 546 2567 rct.
563 2513 666 2583 turpill,
684 2515 703 2566 1.
723 2529 748 2569 u.
767 2534 790 2569 c.
811 2518 846 2571 de
866 2519 901 2570 vi
915 2521 992 2590 publ.
1008 2521 1049 2574 Ex
1068 2541 1099 2576 cu
1118 2540 1181 2592 ergo
1276 2527 1312 2581 At
1331 2541 1364 2578 ex
1383 2523 1509 2576 cocictate
1526 2522 1644 2595 plurium
1657 2523 1686 2574 in
1699 2522 1791 2576 eodem
1810 2531 1871 2574 actu
1888 2523 2067 2592 peccantiam
2101 2541 2123 2581 tt

362 2593 450 2648 minuc
468 2595 556 2650 aolatii
574 2615 623 2668 pro
641 2598 828 2670 delinquente,
848 2603 970 2674 Principi
995 2606 1104 2676 quidem
1131 2607 1181 2661 boc
1231 2610 1316 2680 magis
1327 2625 1433 2679 sperare
1447 2608 1532 2663 solent
1545 2608 1725 2676 delinquentes
1736 2605 1877 2675 aliqualem
1889 2623 2002 2674 poenue
2015 2625 2069 2662 ru·

361 2681 404 2746 jur
421 2679 564 2750 mitigandi
584 2678 688 2736 facilius
705 2683 870 2752 indulseris,
888 2689 986 2758 quippe
1009 2689 1051 2742 cui
1075 2693 1117 2759 jur
1141 2709 1182 2760 eg·
1229 2693 1516 2758 rituereruiruionem,
1533 2710 1557 2745 c.
1577 2701 1601 2742 ι.
1623 2692 1659 2746 Χ.
1675 2687 1710 2743 de
1728 2689 2028 2760 remoramina-c·
2043 2701 2067 2750 B

359 2763 507 2834 patiendi,
525 2775 553 2818 et
570 2785 683 2837 poenam
702 2769 779 2838 piune
798 2771 953 2825 remittendi
973 2783 1135 2845 competere,
1151 2775 1181 2828 in
1230 2777 1312 2830 mdc
1328 2776 1392 2833 cler.
1405 2793 1542 2830 excomm.
1553 2776 1622 2829 litut
1639 2774 1712 2828 enim
1723 2775 1791 2842 insta
1804 2772 1841 2826 rit
1854 2772 2067 2842 puniendicun·
2100 2789 2122 2830 ιι

295 2848 324 2891 Ν
362 2850 500 2922 propatulo
518 2861 568 2906 eut:
587 2851 633 2904 red
660 2851 734 2904 illinc
760 2851 873 2906 adeundi
899 2862 1014 2926 potestas
1041 2873 1089 2908 nec
1107 2867 1182 2928 patet
1232 2879 1275 2924 ca,
1293 2869 1411 2932 praestet
1438 2870 1527 2914 tamen
1545 2860 1697 2929 ignoscere,
1715 2873 1775 2908 curn
1792 2871 1889 2924 magna
1911 2865 1956 2910 cut
1974 2853 2066 2911 delin-

361 2949 479 3003 temper,
492 2951 542 2988 nec
561 2929 677 3007 prolicua
693 2948 733 2992 eut
749 2935 862 3008 reipubl.
883 2939 965 2992 nimiu
980 2939 1111 3012 principis
1125 2943 1184 2995 rinc
1234 2943 1373 3016 queuntium
1391 2941 1486 3014 copie,
1505 2951 1713 3013 culpandorum
1732 2939 1825 2993 ualtem
1843 2939 1985 3010 supplicio
2003 2959 2068 2996 onn-

360 3034 453 3070 muuae
471 3019 599 3087 grauitate
616 3020 773 3084 clementia,
790 3039 852 3074 cnm
870 3023 989 3088 intersit,
1017 3025 1182 3095 prouinciam
1235 3039 1335 3082 tentum
1354 3045 1433 3094 erue,
1458 3044 1538 3097 quarn
1564 3024 1710 3078 acrioribus
1733 3021 1882 3086 nmedttu,
1900 3033 1990 3095 atque
2009 3025 2067 3093 ipn

362 3103 440 3154 malin
457 3101 611 3156 bominibus
634 3105 758 3175 purgari,
784 3114 925 3176 ronteaque
949 3106 1054 3178 puniri,
1080 3107 1099 3162 1.
1116 3127 1183 3164 con·
1234 3110 1546 3175 mutarunt,ciuitatenn
1564 3107 1738 3174 lubriactare,
1756 3105 2065 3180 Freinrbeirndrrfhr.

361 3188 444 3257 grnit.
474 3188 566 3258 tuff-
590 3189 717 3261 decffic·
747 3187 865 3258 praestil-
889 3191 979 3261 [teque
1001 3191 1035 3244 de
1059 3191 1109 3245 ltnc
1127 3196 1185 3262 jure
1237 3196 1284 3250 tib.
1300 3205 1323 3250 t.
1336 3215 1359 3250 c·
1374 3196 1438 3248 min
1440 3193 1542 3266 fitz-et
1554 3194 1599 3246 cui
1614 3211 1666 3248 uon
1680 3201 1765 3246 totum
1779 3191 1844 3245 illud
1858 3192 1961 3248 Lucani

364 3271 493 3342 principie
510 3273 556 3326 laic
577 3291 654 3342 cgere
678 3273 761 3326 nobie
777 3274 964 3328 constitutum.
984 3275 1024 3329 td
1049 3277 1183 3348 priuatum
1325 3281 1464 3352 Quicquid
1475 3279 1567 3336 multis
1576 3287 1703 3351 peccatur
1714 3277 1831 3333 inultum
1842 3287 1889 3330 ert.

363 3352 407 3406 lric
425 3355 517 3408 aaltem
536 3365 667 3427 tamquam
692 3357 880 3410 intermediam
906 3374 1047 3428 perronam
1072 3361 1184 3430 reapici·
1234 3361 1293 3416 cdd.
1313 3363 1457 3434 Tiraquell.
1474 3358 1886 3432 rracr.depoen.renpernnct
1896 3365 2066 3417 amre-aiu

319 3447 323 3456 ·
364 3455 432 3490 mnu.
450 3440 529 3492 Hunc
546 3439 627 3494 uariiu
651 3439 682 3492 in
708 3439 886 3511 patrocinium
917 3439 958 3494 uui
984 3441 1073 3496 delicti
1092 3461 1184 3499 vocure
1233 3468 1307 3504 caru.
1323 3458 1364 3501 ιι.
1377 3447 1432 3502 Du.
1451 3447 1598 3500 Brunnem.
1617 3446 1652 3499 dc
1671 3443 1733 3516 iure
1751 3445 2006 3502 ereremum
2024 3461 2064 3503 ιι.

362 3525 449 3578 rotem
465 3535 615 3594 peccentur,
633 3534 660 3580 et
678 3541 711 3578 ex
728 3541 759 3577 eo
777 3539 852 3595 rpem
870 3523 1050 3593 mitigationis
1063 3528 1189 3598 concipe·
1235 3541 1256 3597 ς.
1273 3533 1386 3587 enlin„
1405 3543 1492 3586 umen
1505 3530 1620 3602 quilibet
1633 3530 1712 3598 judex
1726 3529 1808 3583 nimis
1818 3540 2066 3602 pronuc,etprae·
2098 3556 2121 3596 ῃ

368 3623 412 3674 re,
430 3607 475 3659 ced
493 3625 547 3678 quo
563 3609 634 3677 jore,
653 3609 708 3678 ianr
725 3607 886 3661 uidebimur.
905 3607 1011 3661 Primus
1030 3617 1085 3662 catu
1099 3611 1185 3665 socius
1234 3635 1294 3689 cepe
1314 3617 1346 3670 ud
1365 3618 1435 3669 hauc
1453 3617 1638 3670 centurionem
1656 3629 1714 3668 crue
1730 3611 1816 3668 debet.
1833 3611 1885 3670 Sed
1903 3613 2000 3686 prim
2017 3614 2062 3666 di.

363 3689 506 3754 bonnrnm,
533 3689 576 3744 bic
601 3692 674 3746 toties
700 3691 797 3748 dicitur
823 3700 1062 3765 temperamentum
1087 3711 1186 3764 poenae
1234 3699 1723 3772 ctingnatintergenerudelictornm·

363 3773 434 3827 cocio
451 3768 601 3844 nequii-ere,
618 3776 722 3848 qnotiec
748 3791 858 3848 peccaui
883 3794 935 3830 non
966 3775 1058 3848 puniri
1079 3789 1184 3849 potent,
1270 3784 1336 3838 Nem
1356 3785 1384 3837 in
1402 3785 1498 3856 quibus
1515 3783 1624 3838 ‹tettetir
1645 3799 1727 3854 poena
1751 3783 1810 3850 lure
1833 3779 1928 3835 diuino
1953 3793 2057 3838 utatnh
2090 3805 2115 3846 rt

362 3859 428 3929 uult!
447 3857 563 3913 lttffilut
580 3859 722 3922 lnssoeffltr
747 3876 807 3930 0¹¹8·
832 3860 851 3912 Ι·
878 3872 902 3913 ⁸·
922 3858 1023 3932 μβ·
1049 3861 1082 3914 ὅθ
1104 3880 1187 3930 wett-
1232 3868 1353 3936 obtinet,
1372 3887 1435 3924 uene
1453 3867 1598 3923 multitudo
1616 3865 1783 3937 peccantium
1804 3865 1847 3919 uix
1865 3863 1955 3936 pariet
1967 3877 2059 3937 petrn-

364 3942 487 3996 blennch.
505 3959 593 4013 rccup.
608 3959 719 4009 porrect-
736 3959 804 3997 rem.
826 3953 849 3998 t.
868 3962 897 3996 n.
917 3955 973 3998 ure.
994 3944 1187 4015 Tiraqucll.de
1235 3951 1358 4018 ciuium,
1373 3951 1419 4007 ted
1439 3953 1470 4006 ad
1484 3953 1555 4007 idem
1570 3951 1705 4022 rapiuntur
1718 3949 1889 4020 ruppl‘uinm,
1902 3949 2060 4018 qniomncc

266 4091 270 4102 Δ
297 4049 327 4090 rr
361 4043 441 4095 pm·
459 4037 569 4098 temper·
586 4037 636 4082 rut
653 4029 749 4081 remitt·
768 4044 842 4082 aaut·
862 4041 903 4082 ιι.
933 4027 1013 4096 Cuiur
1038 4031 1076 4084 rei
1095 4047 1185 4086 excur-
1236 4037 1358 4108 nequaliu
1379 4037 1435 4092 doli
1454 4037 1483 4090 in
1501 4034 1693 4088 committendo
1711 4034 1808 4086 delicto
1826 4031 1929 4086 luerint
1946 4034 2060 4104 partini·

365 4110 437 4179 plum
451 4111 528 4177 dunt,
541 4109 565 4162 ai
583 4111 676 4166 domur
694 4127 727 4164 ea
747 4111 912 4168 haereditate
931 4112 1080 4166 communic
1094 4113 1129 4167 nb
1142 4115 1186 4168 dc·
1234 4141 1300 4195 pe„
1314 4123 1414 4189 vetuti,
1432 4121 1455 4176 ei
1473 4121 1519 4192 qui
1539 4118 1642 4191 aequali
1660 4118 1852 4172 deliberatione
1864 4112 2060 4187 obfirmatoqm
2093 4139 2118 4180 rt

363 4191 457 4246 lictum
475 4194 541 4246 rocii
559 4193 704 4260 diruenda,
729 4196 791 4266 quie
818 4196 965 4249 necessario
991 4213 1053 4266 part
1078 4197 1185 4252 alterina
1236 4204 1544 4280 pmpoqttoinecedem
1561 4199 2063 4274 attmjuccoujuraaerint.1)n·Bm

365 4279 514 4333 innocentia
526 4280 605 4336 timul
617 4281 753 4346 diruetur,
772 4299 823 4352 quo
841 4298 902 4338 caru
920 4300 1030 4353 poenam
1045 4283 1113 4336 cneii
1128 4302 1187 4338 mu·
1236 4309 1309 4346 nem,
1324 4294 1354 4344 ιη
1373 4306 1450 4362 proc.
1462 4287 1540 4342 erim.
1557 4304 1581 4342 c.
1599 4298 1624 4340 ι.
1637 4305 1666 4339 n.
1681 4297 1722 4337 ιι.
1743 4285 1869 4356 Carpuur.
1883 4300 1967 4352 prou.
1979 4285 2055 4338 orac

363 4361 466 4416 tandem
484 4363 514 4416 in
530 4365 610 4419 alium
629 4364 707 4433 dicit,
739 4365 840 4420 Cnner.
867 4367 966 4436 singul.
995 4375 1038 4420 ιι.
1054 4368 1104 4423 rud
1121 4385 1185 4424 voc.
1235 4395 1282 4446 qn.
1297 4386 1339 4428 tt.
1354 4393 1383 4430 η,
1401 4370 1644 4442 tt.Qnodciuern
1661 4385 1745 4440 poena
1763 4368 1819 4439 ipra
1831 4367 1869 4421 cit
1880 4369 1951 4436 juris
1962 4368 2057 4422 hnma-

363 4449 562 4511 eommum'tacc
579 4457 607 4504 at
628 4447 694 4519 quid
713 4448 776 4502 inde
794 4447 883 4502 rolatii
913 4447 1105 4518 delinquenti?
1124 4469 1184 4505 mu·
1235 4460 1359 4526 ni,tnuc
1370 4456 1478 4529 quidem
1490 4454 1535 4507 illu
1546 4453 1669 4508 rumiauio
1681 4451 1716 4502 ob
1728 4449 1929 4503 multitudinem
1944 4448 2053 4502 admitti

365 4538 433 4584 tatur
450 4529 495 4582 laic
518 4532 612 4584 uellem
630 4549 731 4602 poena,
751 4549 805 4588 nnn
823 4533 939 4598 lenitur,
965 4535 1055 4604 potiuc
1072 4545 1114 4589 ert
1131 4547 1186 4590 cta·
1235 4553 1337 4616 potest,
1350 4561 1407 4613 urg.
1422 4541 1483 4595 d-c.
1496 4550 1520 4593 r.
1531 4539 1686 4607 decemper.
1697 4531 1788 4588 ordin.
1799 4551 1862 4587 con·
1878 4544 1921 4586 tc.
1932 4534 2051 4588 druna.

367 4612 512 4682 tuendum,
530 4614 575 4669 uix
591 4615 650 4668 dari
667 4632 771 4680 curum,
789 4635 841 4686 qno
859 4619 931 4670 rocio
959 4633 994 4672 ex
1018 4619 1090 4672 rocio
1108 4619 1185 4676 inno·
1238 4641 1281 4682 uo.
1299 4626 1429 4680 Contulto
1448 4632 1535 4677 tumen
1553 4631 1581 4676 nt
1599 4618 1673 4691 prius
1690 4617 1801 4690 desuper
1819 4617 2054 4689 principemus
2087 4639 2111 4678 ⁸¹

364 4697 434 4750 nenti
454 4697 542 4768 aliquo
560 4715 659 4767 poenae
677 4699 804 4754 relaxatio
818 4699 991 4771 indulgentur.
1006 4702 1064 4756 lmo
1081 4701 1186 4758 lucilius
1234 4726 1312 4779 quem
1331 4718 1371 4762 ert
1388 4708 1430 4774 inc
1448 4702 1621 4774 appretiandi.
1638 4703 1706 4756 lndc
1722 4712 1778 4767 eut,
1790 4699 1861 4771 quod
1878 4702 1902 4753 ai
1923 4711 1978 4755 tota
2000 4703 2049 4756 mi·

365 4779 625 4835 atterattenuuodto
643 4783 806 4852 praegravari
821 4793 921 4853 potent,
940 4783 1016 4840 ciculi
1036 4786 1185 4858 contingit,
1234 4795 1313 4846 litum
1342 4792 1435 4845 cultore
1458 4790 1618 4842 seditionem
1642 4784 1773 4849 mouerit,
1790 4785 1895 4839 aliudue
1920 4785 2049 4839 delictum

367 4863 390 4914 ri
405 4861 472 4916 bona
484 4863 664 4936 delinquentiu
674 4861 739 4921 brun
751 4865 918 4934 addicuntur,
931 4868 976 4922 ubi
987 4869 1096 4939 quidem
1110 4889 1183 4927 corn·
1235 4877 1358 4930 militare
1370 4885 1455 4928 morte
1473 4873 1581 4942 dignum
1596 4869 1749 4942 patraverit,
1762 4868 1902 4922 decimatio
1915 4870 1995 4925 uolent
2006 4871 2052 4924 ob-

366 4945 455 5000 munia
467 4948 558 5000 saltem
577 4966 626 5018 pro
642 4957 718 5018 parte
735 4947 843 5015 cedunt,
863 4951 910 5004 ced
929 4962 1016 5004 tamen
1035 4961 1127 5023 postca
1149 4950 1182 5006 fi·
1238 4962 1341 5024 tinere,
1360 4970 1390 5013 nt
1407 4961 1498 5013 caltem
1516 4956 1636 5008 decimus
1653 4954 1764 5024 quicque
1781 4953 1863 5006 morti
1882 4953 2051 5020 destinetur,

365 5045 440 5096 ucuu,
459 5031 483 5084 ti
502 5043 603 5102 partem
632 5033 781 5104 acceperit,
813 5043 895 5090 totam
927 5051 982 5092 rem
1013 5054 1181 5094 communem
1233 5045 1273 5099 uel
1297 5043 1386 5097 etiarn
1403 5041 1469 5096 corti
1488 5037 1691 5102 committatur,
1707 5035 1817 5106 quinum
1842 5037 1916 5092 inter
1943 5040 2005 5094 illoc
2022 5041 2053 5091 cd

366 5116 446 5169 etiam
465 5117 549 5170 inrito
567 5117 639 5172 accio
656 5120 770 5173 alienare
788 5119 906 5190 poterit,
924 5120 942 5172 1.
964 5132 987 5171 ι.
1013 5137 1036 5173 c.
1055 5123 1088 5174 de
1105 5140 1177 5176 cnm·
1231 5127 1392 5200 cupplicium
1413 5123 1544 5179 trudendi.
1558 5119 1682 5174 Secundo
1701 5119 1745 5172 bic
1762 5119 1896 5173 incumbit
1914 5121 2011 5188 indici,
2024 5133 2051 5176 t
2084 5129 2109 5170 ιι

366 5215 440 5252 mun.
459 5217 514 5254 rer.
534 5200 646 5256 alienat·
665 5203 683 5254 t.
702 5221 750 5258 nn.
769 5219 793 5256 c.
811 5202 845 5256 dc
863 5203 963 5257 uendit.
982 5221 1034 5258 rer.
1044 5204 1142 5274 fircat.
1230 5222 1298 5266 unte
1318 5209 1409 5266 omnia
1427 5207 1543 5279 inquirat
1561 5205 1590 5257 in
1610 5211 1728 5256 unctores
1746 5203 1852 5256 ruderis
1869 5211 1897 5256 et
1916 5204 1979 5257 illoc
1990 5245 1996 5266 ‚
2008 5206 2053 5274 qni

404 5284 474 5357 Qutt
488 5287 513 5340 et
523 5303 584 5339 ven
596 5285 648 5340 ‘luo
665 5284 762 5342 tratre·
779 5304 919 5343 commune
934 5285 1042 5342 seudum
1063 5297 1180 5343 tenentes
1230 5298 1333 5367 prinae
1345 5295 1413 5348 tucn
1427 5291 1550 5345 lucentio
1562 5287 1744 5358 subiecerunt,
1759 5305 1819 5342 raro
1829 5289 1903 5342 enin
1915 5289 1975 5344 aine
1988 5291 2052 5344 tice

365 5368 502 5422 dominnm
527 5369 686 5439 conjunctim
710 5371 739 5423 in
765 5368 863 5424 bellurn
890 5382 1048 5440 sequuntur,
1066 5389 1177 5441 qunmm
1238 5377 1384 5431 multitudo
1410 5371 1561 5444 delinquit,
1579 5387 1645 5441 quor
1663 5367 1686 5423 ui
1705 5367 1933 5440 deprehenderit,
1955 5391 2053 5444 poenae

361 5455 428 5508 alter
443 5451 561 5508 eumdem
581 5456 750 5524 praeliantem
765 5451 917 5508 incredibili
931 5455 1029 5510 uirtute
1043 5453 1177 5522 deicudit,
1226 5463 1378 5518 ordinet-ine
1395 5458 1489 5529 subjici
1506 5456 1616 5511 omniuo
1632 5456 1731 5525 iustum
1748 5469 1802 5520 ert,
1821 5457 1847 5511 d
1864 5477 1888 5512 c.
1908 5469 1934 5511 t.
1951 5462 1989 5516 Χ.
2007 5464 2039 5515 de

362 5541 429 5593 ulter
446 5555 504 5592 uero
523 5539 552 5591 in
570 5537 656 5608 iugum
676 5556 705 5591 ue
721 5539 866 5592 conuertit:
893 5537 1067 5608 dominumqt
1086 5549 1176 5592 contra
1228 5547 1315 5602 cleric.
1340 5559 1512 5599 encomium.
1531 5538 1565 5594 Ει
1582 5539 1631 5592 boc
1647 5537 1756 5608 quidem
1782 5551 1901 5594 seruatur
1922 5543 1950 5594 in
1980 5545 2049 5596 redi·
2078 5559 2101 5596 ιι

365 5624 451 5674 dutum
471 5619 552 5676 iidem
572 5619 681 5687 decerit,
699 5623 845 5692 quaeritur,
863 5638 898 5675 an
917 5620 961 5674 hic
979 5619 1057 5676 leudo
1068 5621 1176 5694 primn-
1228 5633 1300 5687 tione
1317 5629 1466 5702 apluribut
1484 5637 1566 5690 mota,
1584 5621 1692 5678 martir.
1710 5621 1818 5678 miniu-
1836 5625 1929 5680 carot.
1955 5629 1989 5682 V.
2000 5639 2050 5684 nm
